Type,Product,Started Date,Completed Date,Description,Amount,Fee,Currency,State,Balance
TOPUP,Current,2019-10-21 18:47:42,,Auth *7896,1.00,0.00,BGN,REVERTED,
TOPUP,Current,2019-10-21 18:48:21,2019-10-21 18:49:19,Top-Up by *7896,50.00,0.00,BGN,COMPLETED,50.00
FEE,Current,2019-10-21 18:53:34,2019-10-21 18:53:34,Card Delivery,-11.99,0.00,BGN,COMPLETED,38.01
TRANSFER,Current,2019-10-24 13:56:05,2019-10-24 13:56:05,Transfer from Revolut user,1.00,0.00,BGN,COMPLETED,39.01
TOPUP,Current,2019-10-25 18:33:23,2019-10-25 18:33:48,Top-Up by *7896,100.00,0.00,BGN,COMPLETED,139.01
CARD_PAYMENT,Current,2019-10-25 13:25:11,2019-10-30 10:24:13,Maks Mark,-1.00,0.00,BGN,COMPLETED,138.01
CARD_PAYMENT,Current,2019-10-25 13:38:10,2019-10-31 20:50:43,Max Mark Kasa Vii,-0.99,0.00,BGN,COMPLETED,137.02
CARD_PAYMENT,Current,2019-11-27 18:34:49,2019-12-01 10:47:43,CCBill,-61.62,0.00,BGN,COMPLETED,75.40
TOPUP,Current,2020-08-30 11:30:02,2020-08-30 11:30:40,Top-Up by *7896,50.00,0.00,BGN,COMPLETED,125.40
CARD_PAYMENT,Current,2020-08-29 20:43:21,2020-08-30 23:52:57,Apple,-12.99,0.00,BGN,COMPLETED,112.41
CARD_PAYMENT,Current,2020-08-30 11:18:45,2020-09-01 10:51:58,Apple,-12.99,0.00,BGN,COMPLETED,99.42
CARD_PAYMENT,Current,2020-08-30 12:55:09,2020-09-01 11:00:43,Apple,-4.49,0.00,BGN,COMPLETED,94.93
TRANSFER,Current,2020-09-11 12:03:36,2020-09-11 12:03:36,Balance migration to another region or legal entity,-94.93,0.00,BGN,COMPLETED,
TRANSFER,Current,2020-09-11 12:03:36,2020-09-11 12:03:36,Balance migration to another region or legal entity,94.93,0.00,BGN,COMPLETED,
CARD_PAYMENT,Current,2020-09-28 02:21:37,2020-09-30 06:48:23,Apple,-13.99,0.00,BGN,COMPLETED,80.94
CARD_PAYMENT,Current,2020-09-28 01:14:59,2020-09-30 20:17:50,Apple,-9.99,0.00,BGN,COMPLETED,70.95
CARD_PAYMENT,Current,2020-10-24 14:30:16,2020-10-25 16:59:25,Apple,-6.49,0.00,BGN,COMPLETED,64.46
CARD_PAYMENT,Current,2020-10-28 00:13:58,2020-10-29 06:32:09,Apple,-9.99,0.00,BGN,COMPLETED,54.47
CARD_PAYMENT,Current,2020-10-28 01:18:52,2020-10-30 04:49:41,Apple,-13.99,0.00,BGN,COMPLETED,40.48
CARD_PAYMENT,Current,2020-10-31 15:03:35,2020-11-01 18:16:41,Apple,-8.49,0.00,BGN,COMPLETED,31.99
CARD_PAYMENT,Current,2020-11-03 12:32:21,2020-11-05 05:31:51,Apple,-19.99,0.00,BGN,COMPLETED,12.00
CARD_PAYMENT,Current,2020-11-14 18:46:27,2020-11-15 17:55:17,Apple,-1.99,0.00,BGN,COMPLETED,10.01
CARD_PAYMENT,Current,2020-11-14 17:20:15,2020-11-16 08:53:45,Apple,-1.99,0.00,BGN,COMPLETED,8.02
CARD_PAYMENT,Current,2020-11-14 17:14:57,2020-11-16 08:53:45,Apple,-1.99,0.00,BGN,COMPLETED,6.03
TOPUP,Current,2020-11-23 17:50:28,2020-11-23 17:51:21,Top-Up by *7896,50.00,0.00,BGN,COMPLETED,56.03
TOPUP,Current,2020-11-23 18:51:33,2020-11-23 18:52:14,Top-Up by *7896,100.00,0.00,BGN,COMPLETED,156.03
CARD_PAYMENT,Current,2020-11-28 01:13:40,2020-11-29 07:44:35,Apple,-9.99,0.00,BGN,COMPLETED,146.04
CARD_PAYMENT,Current,2020-11-28 02:19:45,2020-11-30 05:51:27,Apple,-13.99,0.00,BGN,COMPLETED,132.05
TOPUP,Current,2020-12-06 16:16:02,2020-12-06 16:17:55,Top-Up by *7896,100.00,0.00,BGN,COMPLETED,232.05
CARD_PAYMENT,Current,2020-12-06 16:10:58,2020-12-07 22:59:47,QuickServe,-88.93,0.00,BGN,COMPLETED,143.12
CARD_PAYMENT,Current,2020-12-12 19:32:33,2020-12-13 21:07:37,Apple,-6.49,0.00,BGN,COMPLETED,136.63
CARD_PAYMENT,Current,2020-12-19 15:09:41,2020-12-20 18:49:34,Apple,-12.99,0.00,BGN,COMPLETED,123.64
CARD_PAYMENT,Current,2020-12-24 15:14:58,2020-12-26 10:26:05,Apple,-13.99,0.00,BGN,COMPLETED,109.65
CARD_PAYMENT,Current,2020-12-25 10:47:33,2020-12-27 06:33:14,Apple,-8.49,0.00,BGN,COMPLETED,101.16
CARD_PAYMENT,Current,2020-12-27 18:23:20,2020-12-29 05:35:58,Apple,-21.99,0.00,BGN,COMPLETED,79.17
CARD_PAYMENT,Current,2020-12-28 02:19:16,2020-12-30 05:06:27,Apple,-13.99,0.00,BGN,COMPLETED,65.18
CARD_PAYMENT,Current,2021-01-02 20:53:32,2021-01-03 18:47:30,Apple,-4.49,0.00,BGN,COMPLETED,60.69
CARD_REFUND,Current,2021-01-06 06:45:24,2021-01-06 07:46:47,Apple,4.49,0.00,BGN,COMPLETED,65.18
CARD_PAYMENT,Current,2021-01-16 18:25:36,2021-01-17 18:30:53,Apple,-21.99,0.00,BGN,COMPLETED,43.19
CARD_PAYMENT,Current,2021-01-24 07:15:03,2021-01-26 05:13:08,Apple,-13.99,0.00,BGN,COMPLETED,29.20
CARD_REFUND,Current,2021-01-28 16:12:00,2021-01-28 18:37:56,Apple,13.99,0.00,BGN,COMPLETED,43.19
CARD_PAYMENT,Current,2021-01-28 02:19:16,2021-01-29 22:56:14,Apple,-13.99,0.00,BGN,COMPLETED,29.20
CARD_PAYMENT,Current,2021-01-31 19:25:52,2021-02-02 02:07:46,Apple,-6.99,0.00,BGN,COMPLETED,22.21
TOPUP,Current,2021-02-07 11:28:34,2021-02-07 11:28:46,Top-Up by *7896,100.00,0.00,BGN,COMPLETED,122.21
TRANSFER,Current,2021-02-07 11:30:30,2021-02-07 11:30:30,Transfer to Revolut user,-5.00,0.00,BGN,COMPLETED,117.21
TOPUP,Current,2021-02-10 19:21:58,2021-02-10 19:22:18,Top-Up by *7896,200.00,0.00,BGN,COMPLETED,317.21
EXCHANGE,Current,2021-02-10 19:30:49,2021-02-10 19:30:49,Revolut Ltd,-100.00,0.00,BGN,COMPLETED,217.21
CARD_PAYMENT,Current,2021-02-10 18:36:22,2021-02-12 17:21:56,Max Mark Kasa 3,-8.62,0.00,BGN,COMPLETED,208.59
CARD_PAYMENT,Current,2021-02-11 15:15:04,2021-02-13 17:37:06,Max Mark Kasavii,-1.09,0.00,BGN,COMPLETED,207.50
TOPUP,Current,2021-02-15 20:38:08,2021-02-15 20:38:28,Top-Up by *7896,350.00,0.00,BGN,COMPLETED,557.50
CARD_PAYMENT,Current,2021-02-13 13:24:30,2021-02-16 19:09:43,Maxmark Kasa V,-77.72,0.00,BGN,COMPLETED,479.78
CARD_PAYMENT,Current,2021-02-15 18:43:12,2021-02-17 16:02:46,MAX MARK,-35.13,0.00,BGN,COMPLETED,444.65
CARD_PAYMENT,Current,2021-02-16 19:08:51,2021-02-18 16:07:21,Max Mark Kasavii,-19.50,0.00,BGN,COMPLETED,425.15
CARD_PAYMENT,Current,2021-02-16 19:14:39,2021-02-18 16:07:22,MAX MARK,-12.37,0.00,BGN,COMPLETED,412.78
TOPUP,Current,2021-02-19 11:08:02,2021-02-19 11:08:15,Top-Up by *8847,100.00,0.00,BGN,COMPLETED,512.78
CARD_PAYMENT,Current,2021-02-17 18:37:48,2021-02-19 16:06:49,Max Mark Kasa 3,-8.26,0.00,BGN,COMPLETED,504.52
CARD_PAYMENT,Current,2021-02-17 16:53:42,2021-02-19 16:06:49,Max Mark Kasa 3,-2.18,0.00,BGN,COMPLETED,502.34
CARD_PAYMENT,Current,2021-02-18 18:10:28,2021-02-20 15:02:21,Max Mark Kasa 3,-11.10,0.00,BGN,COMPLETED,491.24
CARD_PAYMENT,Current,2021-02-18 18:05:20,2021-02-20 15:02:21,Max Mark Kasavii,-55.00,0.00,BGN,COMPLETED,436.24
CARD_PAYMENT,Current,2021-02-21 16:13:28,2021-02-22 14:32:56,Apple,-18.99,0.00,BGN,COMPLETED,417.25
CARD_PAYMENT,Current,2021-02-20 13:23:42,2021-02-22 19:24:01,Max Mark Kasa 2,-69.20,0.00,BGN,COMPLETED,348.05
CARD_PAYMENT,Current,2021-02-20 13:17:32,2021-02-22 19:24:01,Max Mark Kasavii,-19.50,0.00,BGN,COMPLETED,328.55
CARD_PAYMENT,Current,2021-02-19 18:28:44,2021-02-22 19:24:01,MAX MARK,-24.90,0.00,BGN,COMPLETED,303.65
CARD_PAYMENT,Current,2021-02-22 17:46:57,2021-02-23 17:19:33,MAX MARK,-26.10,0.00,BGN,COMPLETED,277.55
CARD_PAYMENT,Current,2021-02-24 04:16:48,,Adobe,-1.96,0.00,BGN,REVERTED,
CARD_PAYMENT,Current,2021-02-23 17:54:20,2021-02-24 13:14:01,Salviya 10,-21.10,0.00,BGN,COMPLETED,256.45
CARD_PAYMENT,Current,2021-02-24 05:05:31,2021-02-24 17:20:44,Adobe,-23.49,0.00,BGN,COMPLETED,232.96
CARD_PAYMENT,Current,2021-02-23 18:04:30,2021-02-24 17:22:51,MAX MARK,-24.25,0.00,BGN,COMPLETED,208.71
CARD_PAYMENT,Current,2021-02-23 17:55:13,2021-02-24 17:22:52,Max Mark Kasavii,-19.50,0.00,BGN,COMPLETED,189.21
CARD_PAYMENT,Current,2021-02-24 16:17:17,2021-02-25 16:56:34,Max Mark,-25.19,0.00,BGN,COMPLETED,164.02
CARD_PAYMENT,Current,2021-02-25 18:32:07,2021-02-26 17:27:02,Max Mark Kasavii,-55.00,0.00,BGN,COMPLETED,109.02
CARD_PAYMENT,Current,2021-02-25 18:43:41,2021-02-26 17:27:02,Maxmark Kasa Iv,-16.18,0.00,BGN,COMPLETED,92.84
TOPUP,Current,2021-02-26 19:27:45,2021-02-26 19:27:56,Top-Up by *8847,300.00,0.00,BGN,COMPLETED,392.84
CARD_PAYMENT,Current,2021-02-27 15:18:48,2021-02-28 15:28:07,Apple,-10.99,0.00,BGN,COMPLETED,381.85
CARD_PAYMENT,Current,2021-02-28 16:38:02,2021-03-01 03:07:42,HBO Max,-7.86,0.00,BGN,COMPLETED,373.99
CARD_PAYMENT,Current,2021-02-28 02:19:32,2021-03-01 16:35:50,Apple,-13.99,0.00,BGN,COMPLETED,360.00
CARD_PAYMENT,Current,2021-02-27 13:13:39,2021-03-01 16:56:26,Max Mark Kasavii,-19.50,0.00,BGN,COMPLETED,340.50
CARD_PAYMENT,Current,2021-02-26 18:22:49,2021-03-01 16:56:26,Max Mark Kasa 2,-25.85,0.00,BGN,COMPLETED,314.65
CARD_PAYMENT,Current,2021-02-26 18:09:51,2021-03-01 16:56:26,Max Mark Kasavii,-12.99,0.00,BGN,COMPLETED,301.66
CARD_PAYMENT,Current,2021-02-27 13:28:39,2021-03-01 16:56:26,Max Mark,-55.23,0.00,BGN,COMPLETED,246.43
CARD_PAYMENT,Current,2021-03-01 19:06:30,2021-03-02 17:49:30,Maxmark Kasa Iv,-12.44,0.00,BGN,COMPLETED,233.99
TOPUP,Current,2021-03-03 10:42:19,2021-03-03 10:42:33,Top-Up by *8847,300.00,0.00,BGN,COMPLETED,533.99
CARD_PAYMENT,Current,2021-03-02 18:57:31,2021-03-03 17:20:29,Max Mark Kasa 2,-8.15,0.00,BGN,COMPLETED,525.84
CARD_PAYMENT,Current,2021-03-02 19:05:30,2021-03-03 17:20:29,LUKOIL,-115.44,0.00,BGN,COMPLETED,410.40
CARD_PAYMENT,Current,2021-03-03 16:29:59,2021-03-04 17:42:11,Max Mark Kasavii,-41.59,0.00,BGN,COMPLETED,368.81
CARD_PAYMENT,Current,2021-03-03 18:37:04,2021-03-04 17:42:11,Maxmark Kasa Iv,-25.12,0.00,BGN,COMPLETED,343.69
CARD_PAYMENT,Current,2021-03-04 20:42:57,2021-03-05 15:39:18,Apple,-21.99,0.00,BGN,COMPLETED,321.70
CARD_PAYMENT,Current,2021-03-04 18:44:49,2021-03-05 17:00:13,Maxmark Kasa Iv,-33.17,0.00,BGN,COMPLETED,288.53
CARD_PAYMENT,Current,2021-03-06 14:57:05,2021-03-08 04:52:43,Apple,-13.99,0.00,BGN,COMPLETED,274.54
TRANSFER,Current,2021-03-08 15:51:28,2021-03-08 15:51:28,Transfer to Revolut user,-100.00,0.00,BGN,COMPLETED,174.54
TOPUP,Current,2021-03-08 15:52:42,2021-03-08 15:52:58,Top-Up by *8847,300.00,0.00,BGN,COMPLETED,474.54
CARD_PAYMENT,Current,2021-03-05 18:38:09,2021-03-08 16:58:18,MAX MARK,-35.17,0.00,BGN,COMPLETED,439.37
CARD_PAYMENT,Current,2021-03-06 13:08:11,2021-03-08 16:58:18,Max Mark Kasavii,-19.50,0.00,BGN,COMPLETED,419.87
CARD_PAYMENT,Current,2021-03-06 13:25:07,2021-03-08 16:58:18,Max Mark Kasa 2,-85.82,0.00,BGN,COMPLETED,334.05
CARD_PAYMENT,Current,2021-03-08 18:00:56,2021-03-09 16:47:40,Maxmark Kasa Iv,-27.66,0.00,BGN,COMPLETED,306.39
CARD_PAYMENT,Current,2021-03-08 16:35:45,2021-03-09 16:47:40,Max Mark Kasavii,-27.50,0.00,BGN,COMPLETED,278.89
CARD_PAYMENT,Current,2021-03-09 19:15:32,2021-03-10 17:11:44,Maxmark Kasa Iv,-17.05,0.00,BGN,COMPLETED,261.84
CARD_PAYMENT,Current,2021-03-09 19:10:44,2021-03-10 17:11:44,Max Mark Kasavii,-19.50,0.00,BGN,COMPLETED,242.34
CARD_PAYMENT,Current,2021-03-10 17:57:35,2021-03-11 17:40:05,Maxmark Kasa Iv,-11.81,0.00,BGN,COMPLETED,230.53
CARD_PAYMENT,Current,2021-03-11 18:16:41,2021-03-12 17:28:19,Maxmark Kasa Iv,-19.47,0.00,BGN,COMPLETED,211.06
CARD_PAYMENT,Current,2021-03-14 13:07:35,2021-03-15 01:21:29,Apple,-13.99,0.00,BGN,COMPLETED,197.07
CARD_PAYMENT,Current,2021-03-12 18:05:25,2021-03-15 16:04:32,Max Mark Kasa 2,-24.75,0.00,BGN,COMPLETED,172.32
CARD_PAYMENT,Current,2021-03-13 13:17:06,2021-03-15 16:04:32,Max Mark Kasa 2,-54.28,0.00,BGN,COMPLETED,118.04
CARD_PAYMENT,Current,2021-03-12 17:54:58,2021-03-16 23:07:21,Max Mark Kasavii,-40.50,0.00,BGN,COMPLETED,77.54
CARD_PAYMENT,Current,2021-03-15 18:52:38,2021-03-16 23:38:11,Max Mark,-9.76,0.00,BGN,COMPLETED,67.78
CARD_PAYMENT,Current,2021-03-15 18:53:25,2021-03-16 23:38:11,Max Mark Kasavii,-19.50,0.00,BGN,COMPLETED,48.28
CARD_PAYMENT,Current,2021-03-16 18:57:23,2021-03-17 16:34:58,MAX MARK,-20.56,0.00,BGN,COMPLETED,27.72
CARD_REFUND,Current,2021-03-17 15:36:50,2021-03-17 16:51:37,Apple,13.99,0.00,BGN,COMPLETED,41.71
CARD_PAYMENT,Current,2021-03-17 13:50:23,2021-03-18 11:15:14,Maks Mark,-0.95,0.00,BGN,COMPLETED,40.76
EXCHANGE,Current,2021-03-20 12:19:36,2021-03-20 12:19:36,Exchange to BGN,387.09,0.00,BGN,COMPLETED,427.85
CARD_PAYMENT,Current,2021-03-20 06:58:52,2021-03-21 15:42:32,Apple,-12.99,0.00,BGN,COMPLETED,414.86
CARD_PAYMENT,Current,2021-03-20 10:13:44,2021-03-22 01:51:08,Apple,-18.99,0.00,BGN,COMPLETED,395.87
CARD_PAYMENT,Current,2021-03-20 12:57:57,2021-03-22 16:27:21,Max Mark Kasa 2,-66.04,0.00,BGN,COMPLETED,329.83
EXCHANGE,Current,2021-03-23 20:27:18,2021-03-23 20:27:18,Revolut Ltd,-100.00,0.00,BGN,COMPLETED,229.83
CARD_PAYMENT,Current,2021-03-23 18:41:41,2021-03-24 16:13:47,Max Mark Kasavii,-47.00,0.00,BGN,COMPLETED,182.83
CARD_PAYMENT,Current,2021-03-23 18:48:00,2021-03-24 16:13:47,Maxmark Kasa Iv,-16.85,0.00,BGN,COMPLETED,165.98
CARD_PAYMENT,Current,2021-03-24 18:14:13,2021-03-25 16:38:19,MAX MARK,-13.63,0.00,BGN,COMPLETED,152.35
CARD_PAYMENT,Current,2021-03-25 18:40:55,2021-03-26 15:57:51,MAX MARK,-17.62,0.00,BGN,COMPLETED,134.73
CARD_PAYMENT,Current,2021-03-25 16:25:26,2021-03-26 16:00:17,Salviya 10,-47.90,0.00,BGN,COMPLETED,86.83
CARD_PAYMENT,Current,2021-03-28 00:15:22,2021-03-28 15:25:09,Apple,-9.99,0.00,BGN,COMPLETED,76.84
EXCHANGE,Current,2021-03-29 10:51:10,2021-03-29 10:51:10,Exchange to BGN,337.32,0.00,BGN,COMPLETED,414.16
CARD_PAYMENT,Current,2021-03-28 14:47:18,2021-03-29 16:39:56,Apple,-10.99,0.00,BGN,COMPLETED,403.17
CARD_PAYMENT,Current,2021-03-28 01:18:45,2021-03-29 16:39:56,Apple,-13.99,0.00,BGN,COMPLETED,389.18
CARD_PAYMENT,Current,2021-03-26 18:20:27,2021-03-29 18:49:12,Max Mark Kasavii,-47.00,0.00,BGN,COMPLETED,342.18
CARD_PAYMENT,Current,2021-03-30 07:08:55,2021-03-30 12:47:05,HBO Max,-7.81,0.00,BGN,COMPLETED,334.37
CARD_PAYMENT,Current,2021-03-29 18:37:57,2021-03-30 18:38:13,Maxmark Kasa Iv,-17.54,0.00,BGN,COMPLETED,316.83
CARD_PAYMENT,Current,2021-03-29 15:21:51,2021-03-30 18:38:14,Maxmark Kasa Iv,-0.99,0.00,BGN,COMPLETED,315.84
TOPUP,Current,2021-03-31 17:47:33,2021-03-31 17:50:49,Top-Up by *8847,200.00,0.00,BGN,COMPLETED,515.84
CARD_PAYMENT,Current,2021-03-30 19:17:42,2021-03-31 18:07:48,MAX MARK,-14.81,0.00,BGN,COMPLETED,501.03
CARD_PAYMENT,Current,2021-03-30 19:08:32,2021-03-31 18:07:49,Max Mark Kasavii,-19.50,0.00,BGN,COMPLETED,481.53
CARD_PAYMENT,Current,2021-03-31 18:06:39,2021-04-01 17:21:26,MAX MARK,-32.49,0.00,BGN,COMPLETED,449.04
CARD_PAYMENT,Current,2021-04-01 18:36:27,2021-04-02 17:08:48,MAX MARK,-23.18,0.00,BGN,COMPLETED,425.86
CARD_PAYMENT,Current,2021-04-03 15:02:41,,superawesome.com,-0.70,0.00,BGN,REVERTED,
CARD_PAYMENT,Current,2021-04-02 18:22:24,2021-04-05 17:58:43,Max Mark Kasa 2,-34.39,0.00,BGN,COMPLETED,391.47
CARD_PAYMENT,Current,2021-04-02 18:11:08,2021-04-05 17:58:44,Max Mark Kasavii,-47.00,0.00,BGN,COMPLETED,344.47
CARD_PAYMENT,Current,2021-04-03 13:12:51,2021-04-05 17:58:44,Maxmark Kasa Iv,-68.30,0.00,BGN,COMPLETED,276.17
CARD_PAYMENT,Current,2021-04-05 18:29:15,2021-04-06 17:11:30,Maxmark Kasa Iv,-8.16,0.00,BGN,COMPLETED,268.01
CARD_PAYMENT,Current,2021-04-05 18:22:53,2021-04-06 17:11:30,Max Mark Kasavii,-55.00,0.00,BGN,COMPLETED,213.01
CARD_PAYMENT,Current,2021-04-06 19:07:10,2021-04-07 16:58:04,MAX MARK,-51.13,0.00,BGN,COMPLETED,161.88
CARD_PAYMENT,Current,2021-04-07 18:24:24,2021-04-08 17:25:45,Max Mark Kasa 2,-29.82,0.00,BGN,COMPLETED,132.06
CARD_PAYMENT,Current,2021-04-07 18:17:58,2021-04-08 17:25:46,Max Mark Kasavii,-19.50,0.00,BGN,COMPLETED,112.56
CARD_PAYMENT,Current,2021-04-08 19:04:03,2021-04-09 17:17:42,Maxmark Kasa Iv,-10.39,0.00,BGN,COMPLETED,102.17
TOPUP,Current,2021-04-12 10:51:47,2021-04-12 10:52:53,Top-Up by *8847,400.00,0.00,BGN,COMPLETED,502.17
CARD_PAYMENT,Current,2021-04-10 13:09:37,2021-04-12 17:16:46,Max Mark Kasavii,-25.00,0.00,BGN,COMPLETED,477.17
CARD_PAYMENT,Current,2021-04-09 18:32:19,2021-04-12 17:16:46,Max Mark Kasa 2,-37.71,0.00,BGN,COMPLETED,439.46
CARD_PAYMENT,Current,2021-04-12 18:03:52,2021-04-13 16:51:40,Max Mark,-43.66,0.00,BGN,COMPLETED,395.80
CARD_PAYMENT,Current,2021-04-12 17:55:01,2021-04-13 16:51:40,Max Mark Kasavii,-47.00,0.00,BGN,COMPLETED,348.80
CARD_PAYMENT,Current,2021-04-14 06:09:23,2021-04-14 16:51:38,Apple,-13.99,0.00,BGN,COMPLETED,334.81
CARD_PAYMENT,Current,2021-04-13 17:55:06,2021-04-14 16:53:48,Maxmark Kasa Iv,-13.80,0.00,BGN,COMPLETED,321.01
CARD_PAYMENT,Current,2021-04-14 16:09:37,2021-04-15 17:26:26,Max Mark Kasavii,-0.98,0.00,BGN,COMPLETED,320.03
CARD_PAYMENT,Current,2021-04-14 18:29:21,2021-04-15 17:26:26,Max Mark Kasa 2,-14.93,0.00,BGN,COMPLETED,305.10
EXCHANGE,Current,2021-04-17 08:34:48,2021-04-17 08:34:48,Revolut Ltd,-100.00,0.00,BGN,COMPLETED,205.10
CARD_PAYMENT,Current,2021-04-16 17:50:35,2021-04-19 18:02:05,Max Mark Kasavii,-47.00,0.00,BGN,COMPLETED,158.10
CARD_PAYMENT,Current,2021-04-17 13:11:52,2021-04-19 18:02:06,Maxmark Kasa Iv,-45.12,0.00,BGN,COMPLETED,112.98
CARD_PAYMENT,Current,2021-04-16 18:45:18,2021-04-19 18:02:06,MAX MARK,-18.51,0.00,BGN,COMPLETED,94.47
TOPUP,Current,2021-04-20 09:31:02,2021-04-20 09:31:24,Top-Up by *8847,400.00,0.00,BGN,COMPLETED,494.47
CARD_PAYMENT,Current,2021-04-19 17:43:50,2021-04-20 17:07:13,Max Mark,-21.14,0.00,BGN,COMPLETED,473.33
CARD_PAYMENT,Current,2021-04-20 11:13:51,2021-04-21 22:55:46,Apple,-18.99,0.00,BGN,COMPLETED,454.34
CARD_PAYMENT,Current,2021-04-20 18:43:24,2021-04-22 00:29:05,Max Mark Kasavii,-40.50,0.00,BGN,COMPLETED,413.84
CARD_PAYMENT,Current,2021-04-20 18:49:14,2021-04-22 00:29:05,MAX MARK,-7.43,0.00,BGN,COMPLETED,406.41
CARD_PAYMENT,Current,2021-04-21 14:44:55,2021-04-22 16:54:59,Max Mark Kasavii,-0.98,0.00,BGN,COMPLETED,405.43
CARD_PAYMENT,Current,2021-04-21 18:25:35,2021-04-22 16:54:59,Maxmark Kasa Iv,-9.09,0.00,BGN,COMPLETED,396.34
CARD_PAYMENT,Current,2021-04-22 19:05:07,2021-04-23 17:25:56,Max Mark Kasa 2,-20.89,0.00,BGN,COMPLETED,375.45
CARD_PAYMENT,Current,2021-04-23 20:03:28,2021-04-24 17:19:43,Adobe,-23.47,0.00,BGN,COMPLETED,351.98
CARD_PAYMENT,Current,2021-04-24 13:37:50,2021-04-26 17:20:02,Max Mark Kasa 2,-63.06,0.00,BGN,COMPLETED,288.92
CARD_PAYMENT,Current,2021-04-24 13:39:28,2021-04-26 17:20:02,Max Mark Kasavii,-47.00,0.00,BGN,COMPLETED,241.92
CARD_PAYMENT,Current,2021-04-23 18:48:42,2021-04-26 17:20:02,LUKOIL,-113.76,0.00,BGN,COMPLETED,128.16
CARD_PAYMENT,Current,2021-04-23 18:36:01,2021-04-26 17:20:02,Max Mark,-33.93,0.00,BGN,COMPLETED,94.23
CARD_PAYMENT,Current,2021-04-26 17:31:41,2021-04-27 16:57:52,Max Mark Kasavii,-27.50,0.00,BGN,COMPLETED,66.73
CARD_PAYMENT,Current,2021-04-26 17:36:30,2021-04-27 16:57:52,MAX MARK,-3.55,0.00,BGN,COMPLETED,63.18
CARD_PAYMENT,Current,2021-04-27 18:08:45,2021-04-28 16:57:54,MAX MARK,-14.93,0.00,BGN,COMPLETED,48.25
CARD_PAYMENT,Current,2021-04-28 16:33:47,2021-04-29 12:52:30,Maks Mark,-13.42,0.00,BGN,COMPLETED,34.83
TOPUP,Current,2021-04-29 13:07:46,2021-04-29 13:08:08,Top-Up by *8847,400.00,0.00,BGN,COMPLETED,434.83
CARD_PAYMENT,Current,2021-04-28 01:13:08,2021-04-29 13:47:06,Apple,-9.99,0.00,BGN,COMPLETED,424.84
CARD_PAYMENT,Current,2021-04-28 02:19:04,2021-04-29 14:21:22,Apple,-13.99,0.00,BGN,COMPLETED,410.85
CARD_PAYMENT,Current,2021-04-28 16:30:26,2021-04-29 16:58:05,Max Mark Kasavii,-0.98,0.00,BGN,COMPLETED,409.87
CARD_PAYMENT,Current,2021-04-30 08:10:58,2021-04-30 13:30:45,HBO Max,-7.81,0.00,BGN,COMPLETED,402.06
CARD_PAYMENT,Current,2021-04-29 18:54:10,2021-04-30 17:42:49,MAX MARK,-20.12,0.00,BGN,COMPLETED,381.94
CARD_PAYMENT,Current,2021-04-29 16:35:44,2021-04-30 17:42:49,Max Mark Kasavii,-53.50,0.00,BGN,COMPLETED,328.44
CARD_PAYMENT,Current,2021-04-30 20:50:07,2021-05-03 02:22:47,Atthu331t,-31.03,0.00,BGN,COMPLETED,297.41
CARD_PAYMENT,Current,2021-04-30 18:04:09,2021-05-03 16:51:11,MAX MARK,-43.34,0.00,BGN,COMPLETED,254.07
CARD_PAYMENT,Current,2021-05-01 12:50:29,2021-05-03 16:51:11,MAX MARK,-116.28,0.00,BGN,COMPLETED,137.79
TOPUP,Current,2021-05-05 16:34:21,2021-05-05 16:34:37,Top-Up by *8847,400.00,0.00,BGN,COMPLETED,537.79
CARD_PAYMENT,Current,2021-05-04 18:02:58,2021-05-05 17:09:50,Max Mark Kasavii,-47.00,0.00,BGN,COMPLETED,490.79
CARD_PAYMENT,Current,2021-05-04 18:12:21,2021-05-05 17:09:50,Maxmark Kasa Iv,-17.95,0.00,BGN,COMPLETED,472.84
CARD_PAYMENT,Current,2021-05-05 18:23:50,2021-05-06 16:51:18,Maxmark Kasa Iv,-24.87,0.00,BGN,COMPLETED,447.97
CARD_PAYMENT,Current,2021-05-06 17:56:57,2021-05-07 17:17:20,Max Mark Kasa 2,-15.27,0.00,BGN,COMPLETED,432.70
CARD_PAYMENT,Current,2021-05-08 13:16:22,2021-05-10 17:56:24,MAX MARK,-81.66,0.00,BGN,COMPLETED,351.04
CARD_PAYMENT,Current,2021-05-07 18:28:04,2021-05-10 17:56:24,Max Mark Kasavii,-74.50,0.00,BGN,COMPLETED,276.54
CARD_PAYMENT,Current,2021-05-07 18:36:51,2021-05-10 17:56:24,Max Mark,-21.31,0.00,BGN,COMPLETED,255.23
CARD_PAYMENT,Current,2021-05-10 17:57:23,2021-05-11 22:24:53,Maxmark Kasa Iv,-52.11,0.00,BGN,COMPLETED,203.12
CARD_PAYMENT,Current,2021-05-11 17:45:09,2021-05-12 13:08:01,Maks Mark,-2.69,0.00,BGN,COMPLETED,200.43
CARD_PAYMENT,Current,2021-05-11 17:46:06,2021-05-12 16:53:10,Max Mark Kasavii,-19.50,0.00,BGN,COMPLETED,180.93
CARD_PAYMENT,Current,2021-05-11 17:55:36,2021-05-12 16:53:10,Max Mark,-30.52,0.00,BGN,COMPLETED,150.41
CARD_PAYMENT,Current,2021-05-12 17:46:10,2021-05-13 16:47:26,MAX MARK,-13.62,0.00,BGN,COMPLETED,136.79
TOPUP,Current,2021-05-13 17:43:31,2021-05-13 17:43:35,Auto Top-Up by *8847,500.00,0.00,BGN,COMPLETED,636.79
CARD_PAYMENT,Current,2021-05-14 06:07:38,2021-05-14 19:13:03,Apple,-13.99,0.00,BGN,COMPLETED,622.80
CARD_PAYMENT,Current,2021-05-13 17:56:52,2021-05-14 19:15:29,Max Mark Kasa 2,-29.31,0.00,BGN,COMPLETED,593.49
CARD_PAYMENT,Current,2021-05-13 17:43:30,2021-05-14 19:15:29,Max Mark Kasavii,-51.50,0.00,BGN,COMPLETED,541.99
CARD_PAYMENT,Current,2021-05-14 18:10:00,2021-05-17 22:36:43,Max Mark,-35.27,0.00,BGN,COMPLETED,506.72
CARD_PAYMENT,Current,2021-05-15 13:34:06,2021-05-17 22:36:43,Maxmark Kasa Iv,-57.70,0.00,BGN,COMPLETED,449.02
CARD_PAYMENT,Current,2021-05-15 13:39:17,2021-05-17 22:36:43,Max Mark Kasavii,-19.50,0.00,BGN,COMPLETED,429.52
CARD_PAYMENT,Current,2021-05-17 15:16:58,2021-05-18 03:00:50,Google Drive,-39.99,0.00,BGN,COMPLETED,389.53
CARD_PAYMENT,Current,2021-05-17 18:24:26,2021-05-18 17:59:58,Maxmark Kasa Iv,-29.56,0.00,BGN,COMPLETED,359.97
CARD_PAYMENT,Current,2021-05-17 18:14:34,2021-05-18 17:59:58,Max Mark Kasavii,-19.50,0.00,BGN,COMPLETED,340.47
TRANSFER,Current,2021-05-19 16:13:42,2021-05-19 16:13:42,Revolut Payments UAB,40.00,0.00,BGN,COMPLETED,380.47
CARD_PAYMENT,Current,2021-05-18 18:33:51,2021-05-19 17:45:48,MAX MARK,-29.05,0.00,BGN,COMPLETED,351.42
CARD_PAYMENT,Current,2021-05-19 18:27:58,2021-05-20 17:50:20,Max Mark Kasavii,-38.50,0.00,BGN,COMPLETED,312.92
CARD_PAYMENT,Current,2021-05-19 18:36:43,2021-05-20 17:50:20,Maxmark Kasa Iv,-36.43,0.00,BGN,COMPLETED,276.49
CARD_PAYMENT,Current,2021-05-19 18:46:05,2021-05-20 17:52:52,LUKOIL,-106.75,0.00,BGN,COMPLETED,169.74
TOPUP,Current,2021-05-20 19:36:54,2021-05-20 19:37:08,Top-Up by *8847,400.00,0.00,BGN,COMPLETED,569.74
CARD_PAYMENT,Current,2021-05-20 11:15:11,2021-05-21 02:58:30,Apple,-18.99,0.00,BGN,COMPLETED,550.75
CARD_PAYMENT,Current,2021-05-20 18:41:35,2021-05-21 17:55:53,Maxmark Kasa Iv,-18.97,0.00,BGN,COMPLETED,531.78
CARD_PAYMENT,Current,2021-05-20 19:35:57,2021-05-22 02:47:56,Electronic Arts,-91.64,0.00,BGN,COMPLETED,440.14
CARD_PAYMENT,Current,2021-05-21 18:16:01,2021-05-24 19:41:26,Max Mark Kasavii,-65.00,0.00,BGN,COMPLETED,375.14
CARD_PAYMENT,Current,2021-05-22 13:26:44,2021-05-24 19:41:26,MAX MARK,-52.38,0.00,BGN,COMPLETED,322.76
CARD_PAYMENT,Current,2021-05-23 17:49:44,2021-05-24 19:41:26,Adobe,-23.72,0.00,BGN,COMPLETED,299.04
CARD_PAYMENT,Current,2021-05-24 17:54:48,2021-05-25 13:31:41,Maks Mark,-56.24,0.00,BGN,COMPLETED,242.80
CARD_PAYMENT,Current,2021-05-24 18:01:19,2021-05-25 17:17:20,Max Mark,-12.27,0.00,BGN,COMPLETED,230.53
TOPUP,Current,2021-05-26 10:13:24,2021-05-26 10:13:42,Top-Up by *8847,400.00,0.00,BGN,COMPLETED,630.53
CARD_PAYMENT,Current,2021-05-25 18:56:06,2021-05-26 17:41:02,Max Mark,-31.47,0.00,BGN,COMPLETED,599.06
CARD_PAYMENT,Current,2021-05-26 18:14:15,2021-05-27 19:06:03,Max Mark Kasavii,-38.50,0.00,BGN,COMPLETED,560.56
CARD_PAYMENT,Current,2021-05-26 10:15:14,2021-05-27 19:06:03,Epay Aula.bg,-249.00,0.00,BGN,COMPLETED,311.56
CARD_PAYMENT,Current,2021-05-26 18:23:05,2021-05-27 19:06:03,Maxmark Kasa Iv,-39.74,0.00,BGN,COMPLETED,271.82
CARD_PAYMENT,Current,2021-05-27 18:27:26,2021-05-28 18:23:20,MAX MARK,-17.13,0.00,BGN,COMPLETED,254.69
CARD_PAYMENT,Current,2021-05-28 02:18:25,2021-05-29 16:01:55,Apple,-13.99,0.00,BGN,COMPLETED,240.70
CARD_PAYMENT,Current,2021-05-28 01:12:56,2021-05-29 16:04:17,Apple,-9.99,0.00,BGN,COMPLETED,230.71
CARD_PAYMENT,Current,2021-05-30 21:03:56,2021-05-31 03:28:04,HBO Max,-7.89,0.00,BGN,COMPLETED,222.82
CARD_PAYMENT,Current,2021-05-30 19:27:14,2021-05-31 04:31:38,Gepime,-6.00,0.00,BGN,COMPLETED,216.82
CARD_PAYMENT,Current,2021-05-28 18:23:09,2021-05-31 20:44:24,MAX MARK,-37.05,0.00,BGN,COMPLETED,179.77
CARD_PAYMENT,Current,2021-05-29 13:43:33,2021-05-31 20:44:25,Maxmark Kasa Iv,-61.99,0.00,BGN,COMPLETED,117.78
TOPUP,Current,2021-06-01 18:29:34,2021-06-01 18:29:50,Top-Up by *8847,400.00,0.00,BGN,COMPLETED,517.78
CARD_PAYMENT,Current,2021-05-31 18:42:05,2021-06-01 19:01:13,Maxmark Kasa Iv,-7.99,0.00,BGN,COMPLETED,509.79
CARD_PAYMENT,Current,2021-06-01 18:35:09,2021-06-02 17:59:03,Max Mark Kasavii,-38.50,0.00,BGN,COMPLETED,471.29
CARD_PAYMENT,Current,2021-06-01 18:43:39,2021-06-02 17:59:03,MAX MARK,-8.85,0.00,BGN,COMPLETED,462.44
CARD_PAYMENT,Current,2021-06-02 18:22:34,2021-06-04 03:01:32,MAX MARK,-29.01,0.00,BGN,COMPLETED,433.43
CARD_PAYMENT,Current,2021-06-03 19:03:20,2021-06-04 17:15:54,Max Mark,-14.55,0.00,BGN,COMPLETED,418.88
TOPUP,Current,2021-06-04 20:15:27,2021-06-04 20:15:43,Top-Up by *8847,400.00,0.00,BGN,COMPLETED,818.88
CARD_PAYMENT,Current,2021-06-04 20:14:56,2021-06-07 05:27:59,Amazon,-207.21,0.00,BGN,COMPLETED,611.67
CARD_PAYMENT,Current,2021-06-04 18:36:01,2021-06-07 18:18:04,MAX MARK,-35.37,0.00,BGN,COMPLETED,576.30
CARD_PAYMENT,Current,2021-06-05 13:33:58,2021-06-07 18:18:04,MAX MARK,-34.11,0.00,BGN,COMPLETED,542.19
CARD_PAYMENT,Current,2021-06-04 17:30:26,2021-06-07 18:18:04,Max Mark Kasavii,-58.00,0.00,BGN,COMPLETED,484.19
CARD_PAYMENT,Current,2021-06-07 14:03:19,2021-06-08 17:43:37,Max Mark Kasavii,-5.20,0.00,BGN,COMPLETED,478.99
CARD_PAYMENT,Current,2021-06-07 18:56:17,2021-06-08 17:43:37,Maxmark Kasa Iv,-7.78,0.00,BGN,COMPLETED,471.21
CARD_PAYMENT,Current,2021-06-08 18:16:29,2021-06-10 14:34:03,Max Mark Kasavii,-19.50,0.00,BGN,COMPLETED,451.71
CARD_PAYMENT,Current,2021-06-08 18:25:44,2021-06-10 14:34:03,MAX MARK,-22.36,0.00,BGN,COMPLETED,429.35
CARD_PAYMENT,Current,2021-06-09 18:37:16,2021-06-10 23:15:56,MAX MARK,-25.48,0.00,BGN,COMPLETED,403.87
CARD_PAYMENT,Current,2021-06-10 18:48:26,2021-06-11 17:32:44,Max Mark Kasa 2,-5.16,0.00,BGN,COMPLETED,398.71
CARD_PAYMENT,Current,2021-06-06 12:12:33,2021-06-11 18:19:55,Apple,-6.49,0.00,BGN,COMPLETED,392.22
CARD_PAYMENT,Current,2021-06-06 12:15:17,2021-06-11 18:19:55,Apple,-4.49,0.00,BGN,COMPLETED,387.73
CARD_PAYMENT,Current,2021-06-11 18:08:44,2021-06-14 18:13:17,Max Mark Kasavii,-58.00,0.00,BGN,COMPLETED,329.73
CARD_PAYMENT,Current,2021-06-12 13:35:02,2021-06-14 18:13:17,MAX MARK,-26.60,0.00,BGN,COMPLETED,303.13
CARD_PAYMENT,Current,2021-06-11 18:30:36,2021-06-14 18:13:17,Max Mark,-22.72,0.00,BGN,COMPLETED,280.41
CARD_PAYMENT,Current,2021-06-14 18:12:02,2021-06-15 12:28:50,Maks Mark,-6.82,0.00,BGN,COMPLETED,273.59
CARD_PAYMENT,Current,2021-06-14 18:40:28,2021-06-15 17:14:24,Max Mark Kasa 2,-3.37,0.00,BGN,COMPLETED,270.22
CARD_PAYMENT,Current,2021-06-14 18:04:02,2021-06-15 17:14:25,Max Mark Kasavii,-71.00,0.00,BGN,COMPLETED,199.22
CARD_PAYMENT,Current,2021-06-14 18:49:21,2021-06-15 17:14:25,LUKOIL,-117.52,0.00,BGN,COMPLETED,81.70
TOPUP,Current,2021-06-16 14:30:15,2021-06-16 14:30:33,Top-Up by *8847,800.00,0.00,BGN,COMPLETED,881.70
CARD_PAYMENT,Current,2021-06-15 18:22:18,2021-06-16 20:50:40,MAX MARK,-15.52,0.00,BGN,COMPLETED,866.18
CARD_PAYMENT,Current,2021-06-15 16:26:46,2021-06-16 20:50:40,MAX MARK,-21.26,0.00,BGN,COMPLETED,844.92
CARD_PAYMENT,Current,2021-06-16 16:01:29,2021-06-17 18:59:43,Bora Bora,-501.11,0.00,BGN,COMPLETED,343.81
CARD_PAYMENT,Current,2021-06-19 11:07:01,2021-06-20 16:22:28,Apple,-8.49,0.00,BGN,COMPLETED,335.32
CARD_PAYMENT,Current,2021-06-19 21:53:10,2021-06-21 05:23:48,Gepime,-12.00,0.00,BGN,COMPLETED,323.32
CARD_PAYMENT,Current,2021-06-20 11:16:20,2021-06-21 12:55:58,Apple,-18.99,0.00,BGN,COMPLETED,304.33
CARD_PAYMENT,Current,2021-06-19 13:44:55,2021-06-21 19:10:25,Max Mark Kasa 2,-52.53,0.00,BGN,COMPLETED,251.80
CARD_PAYMENT,Current,2021-06-21 18:44:58,2021-06-23 21:34:38,Maxmark Kasa Iv,-17.02,0.00,BGN,COMPLETED,234.78
CARD_PAYMENT,Current,2021-06-21 18:32:36,2021-06-23 21:34:38,Max Mark Kasavii,-59.35,0.00,BGN,COMPLETED,175.43
CARD_PAYMENT,Current,2021-06-22 18:34:13,2021-06-24 06:50:45,Max Mark,-4.55,0.00,BGN,COMPLETED,170.88
CARD_PAYMENT,Current,2021-06-22 14:57:19,2021-06-24 06:50:45,MAX MARK,-1.16,0.00,BGN,COMPLETED,169.72
CARD_PAYMENT,Current,2021-06-23 15:09:14,2021-06-24 12:49:39,Rubia,-41.60,0.00,BGN,COMPLETED,128.12
CARD_PAYMENT,Current,2021-06-23 19:20:05,2021-06-24 18:29:10,Adobe,-23.46,0.00,BGN,COMPLETED,104.66
CARD_PAYMENT,Current,2021-06-23 17:37:27,2021-06-24 18:31:13,MAX MARK,-9.03,0.00,BGN,COMPLETED,95.63
TOPUP,Current,2021-06-25 15:45:17,2021-06-25 15:45:32,Top-Up by *8847,400.00,0.00,BGN,COMPLETED,495.63
CARD_PAYMENT,Current,2021-06-24 18:45:13,2021-06-25 16:50:59,MAX MARK,-16.86,0.00,BGN,COMPLETED,478.77
CARD_PAYMENT,Current,2021-06-25 18:11:44,2021-06-28 21:38:55,Max Mark Kasavii,-64.50,0.00,BGN,COMPLETED,414.27
CARD_PAYMENT,Current,2021-06-25 18:24:51,2021-06-28 21:38:55,MAX MARK,-23.69,0.00,BGN,COMPLETED,390.58
CARD_PAYMENT,Current,2021-06-26 13:04:56,2021-06-28 21:38:55,MAX MARK,-23.02,0.00,BGN,COMPLETED,367.56
CARD_PAYMENT,Current,2021-06-28 01:13:03,2021-06-28 22:30:39,Apple,-9.99,0.00,BGN,COMPLETED,357.57
CARD_PAYMENT,Current,2021-06-28 18:20:00,2021-06-29 20:35:00,Max Mark,-12.08,0.00,BGN,COMPLETED,345.49
CARD_PAYMENT,Current,2021-06-28 02:18:18,2021-06-29 20:57:35,Apple,-13.99,0.00,BGN,COMPLETED,331.50
CARD_PAYMENT,Current,2021-06-29 18:28:16,2021-06-30 17:42:52,Max Mark,-4.63,0.00,BGN,COMPLETED,326.87
CARD_PAYMENT,Current,2021-06-29 18:21:11,2021-06-30 17:42:53,Max Mark Kasavii,-26.00,0.00,BGN,COMPLETED,300.87
CARD_PAYMENT,Current,2021-06-30 21:06:11,2021-07-01 03:09:15,HBO Max,-7.81,0.00,BGN,COMPLETED,293.06
CARD_PAYMENT,Current,2021-06-30 18:19:49,2021-07-01 19:04:23,MAX MARK,-24.51,0.00,BGN,COMPLETED,268.55
CARD_PAYMENT,Current,2021-06-30 17:25:33,2021-07-01 19:04:23,Max Mark Kasavii,-2.68,0.00,BGN,COMPLETED,265.87
CARD_PAYMENT,Current,2021-07-01 18:31:33,2021-07-02 12:33:47,Maks Mark,-2.19,0.00,BGN,COMPLETED,263.68
CARD_PAYMENT,Current,2021-07-01 18:46:05,2021-07-02 16:51:52,MAX MARK,-21.69,0.00,BGN,COMPLETED,241.99
TOPUP,Current,2021-07-02 17:34:57,2021-07-02 17:35:21,Top-Up by *8847,500.00,0.00,BGN,COMPLETED,741.99
CARD_PAYMENT,Current,2021-07-01 12:02:40,2021-07-02 18:44:28,Apple,-9.99,0.00,BGN,COMPLETED,732.00
TOPUP,Current,2021-07-04 15:09:53,2021-07-04 15:10:10,Top-Up by *8847,500.00,0.00,BGN,COMPLETED,1232.00
CARD_PAYMENT,Current,2021-07-02 17:33:27,2021-07-05 14:20:55,Maks Mark,-16.50,0.00,BGN,COMPLETED,1215.50
CARD_PAYMENT,Current,2021-07-02 18:54:29,2021-07-05 21:18:48,Maxmark Kasa Iv,-38.25,0.00,BGN,COMPLETED,1177.25
CARD_PAYMENT,Current,2021-07-02 13:26:23,2021-07-05 21:18:49,Max Mark Kasavii,-1.49,0.00,BGN,COMPLETED,1175.76
CARD_PAYMENT,Current,2021-07-03 13:53:31,2021-07-05 21:18:49,MAX MARK,-103.56,0.00,BGN,COMPLETED,1072.20
CARD_PAYMENT,Current,2021-07-02 17:30:38,2021-07-05 21:18:49,Max Mark Kasavii,-109.50,0.00,BGN,COMPLETED,962.70
CARD_PAYMENT,Current,2021-07-04 15:38:10,2021-07-05 21:20:48,Kamping Gradina Eood,-750.00,0.00,BGN,COMPLETED,212.70
CARD_PAYMENT,Current,2021-07-07 17:23:08,2021-07-08 16:53:52,Apple,-6.49,0.00,BGN,COMPLETED,206.21
CARD_PAYMENT,Current,2021-07-08 18:40:37,2021-07-09 18:24:15,Maxmark Kasa Iv,-25.89,0.00,BGN,COMPLETED,180.32
TOPUP,Current,2021-07-09 18:34:26,2021-07-09 18:34:48,Top-Up by *8847,500.00,0.00,BGN,COMPLETED,680.32
CARD_PAYMENT,Current,2021-07-09 14:34:07,2021-07-12 20:30:39,Max Mark Kasavii,-19.50,0.00,BGN,COMPLETED,660.82
CARD_PAYMENT,Current,2021-07-09 18:37:16,2021-07-12 20:30:40,LUKOIL,-105.26,0.00,BGN,COMPLETED,555.56
CARD_PAYMENT,Current,2021-07-09 18:26:57,2021-07-12 20:30:40,Max Mark,-17.12,0.00,BGN,COMPLETED,538.44
CARD_PAYMENT,Current,2021-07-10 13:27:54,2021-07-12 20:30:40,Maxmark Kasa Iv,-43.97,0.00,BGN,COMPLETED,494.47
CARD_PAYMENT,Current,2021-07-12 18:25:55,2021-07-13 17:57:02,Max Mark Kasa 2,-20.38,0.00,BGN,COMPLETED,474.09
CARD_PAYMENT,Current,2021-07-12 14:54:02,2021-07-13 17:57:02,Max Mark Kasavii,-2.29,0.00,BGN,COMPLETED,471.80
CARD_PAYMENT,Current,2021-07-13 18:32:19,2021-07-14 13:33:42,Maks Mark,-14.95,0.00,BGN,COMPLETED,456.85
CARD_PAYMENT,Current,2021-07-14 16:26:07,,eMAG,-0.45,0.00,BGN,REVERTED,
CARD_PAYMENT,Current,2021-07-13 17:29:18,2021-07-14 17:38:30,Max Mark Kasavii,-38.50,0.00,BGN,COMPLETED,418.35
CARD_PAYMENT,Current,2021-07-13 18:38:54,2021-07-14 17:38:30,Max Mark,-7.40,0.00,BGN,COMPLETED,410.95
TOPUP,Current,2021-07-14 20:08:07,2021-07-14 20:08:12,Auto Top-Up by *8847,500.00,0.00,BGN,COMPLETED,910.95
CARD_PAYMENT,Current,2021-07-14 20:08:06,2021-07-15 07:58:32,eMAG,-300.00,0.00,BGN,COMPLETED,610.95
CARD_PAYMENT,Current,2021-07-14 18:40:27,2021-07-15 17:12:44,MAX MARK,-6.99,0.00,BGN,COMPLETED,603.96
CARD_PAYMENT,Current,2021-07-14 18:14:24,2021-07-15 17:12:44,Max Mark Kasavii,-19.50,0.00,BGN,COMPLETED,584.46
CARD_PAYMENT,Current,2021-07-15 18:46:53,2021-07-16 17:45:17,MAX MARK,-21.86,0.00,BGN,COMPLETED,562.60
CARD_PAYMENT,Current,2021-07-15 18:39:38,2021-07-16 17:47:30,Maks Mark,-14.65,0.00,BGN,COMPLETED,547.95
CARD_PAYMENT,Current,2021-07-18 18:35:22,,Tgs,-187.34,0.00,BGN,REVERTED,
CARD_PAYMENT,Current,2021-07-16 18:29:24,2021-07-19 23:53:27,MAX MARK,-9.53,0.00,BGN,COMPLETED,538.42
CARD_PAYMENT,Current,2021-07-17 13:34:03,2021-07-19 23:53:27,MAX MARK,-2.50,0.00,BGN,COMPLETED,535.92
CARD_PAYMENT,Current,2021-07-16 18:17:29,2021-07-19 23:53:27,Max Mark Kasavii,-51.50,0.00,BGN,COMPLETED,484.42
CARD_PAYMENT,Current,2021-07-18 16:04:55,2021-07-19 23:53:27,MAX MARK,-11.87,0.00,BGN,COMPLETED,472.55
CARD_PAYMENT,Current,2021-07-17 13:31:24,2021-07-19 23:53:27,MAX MARK,-64.38,0.00,BGN,COMPLETED,408.17
CARD_PAYMENT,Current,2021-07-19 12:39:41,2021-07-20 07:58:14,eMAG,-32.16,0.00,BGN,COMPLETED,376.01
CARD_PAYMENT,Current,2021-07-19 18:42:52,2021-07-20 17:10:04,Maxmark Kasa Iv,-15.46,0.00,BGN,COMPLETED,360.55
TOPUP,Current,2021-07-20 18:33:39,2021-07-20 18:33:44,Auto Top-Up by *8847,500.00,0.00,BGN,COMPLETED,860.55
CARD_PAYMENT,Current,2021-07-20 11:14:14,2021-07-21 03:04:17,Apple,-18.99,0.00,BGN,COMPLETED,841.56
CARD_PAYMENT,Current,2021-07-20 18:33:38,2021-07-21 17:48:42,Max Mark Kasavii,-58.00,0.00,BGN,COMPLETED,783.56
CARD_PAYMENT,Current,2021-07-20 18:42:21,2021-07-21 17:48:42,Maxmark Kasa Iv,-23.66,0.00,BGN,COMPLETED,759.90
CARD_PAYMENT,Current,2021-07-22 18:26:32,2021-07-23 17:42:05,Max Mark Kasavii,-23.97,0.00,BGN,COMPLETED,735.93
CARD_PAYMENT,Current,2021-07-23 18:47:25,2021-07-24 16:41:18,Adobe,-23.47,0.00,BGN,COMPLETED,712.46
CARD_PAYMENT,Current,2021-07-23 17:08:56,2021-07-26 13:24:15,Maks Mark,-74.61,0.00,BGN,COMPLETED,637.85
CARD_PAYMENT,Current,2021-07-26 14:06:38,,Max Mark Kasavii,-1.16,0.00,BGN,REVERTED,
CARD_PAYMENT,Current,2021-07-26 18:21:47,,Maxmark Kasa Iv,-21.12,0.00,BGN,REVERTED,
CARD_PAYMENT,Current,2021-07-23 18:28:35,2021-07-26 20:32:10,MAX MARK,-74.87,0.00,BGN,COMPLETED,562.98
CARD_PAYMENT,Current,2021-07-24 13:30:52,2021-07-26 20:32:11,MAX MARK,-52.67,0.00,BGN,COMPLETED,510.31
CARD_PAYMENT,Current,2021-07-24 13:32:10,2021-07-26 20:32:11,Max Mark Kasavii,-58.00,0.00,BGN,COMPLETED,452.31
CARD_PAYMENT,Current,2021-07-27 14:45:05,,Maxmark Kasa Iv,-2.68,0.00,BGN,REVERTED,
CARD_PAYMENT,Current,2021-07-27 18:23:27,,Maks Mark,-12.78,0.00,BGN,REVERTED,
CARD_PAYMENT,Current,2021-07-27 18:32:25,,Maxmark Kasa Iv,-30.67,0.00,BGN,REVERTED,
CARD_PAYMENT,Current,2021-07-28 01:13:04,2021-07-28 21:16:52,Apple,-9.99,0.00,BGN,COMPLETED,442.32
CARD_PAYMENT,Current,2021-07-28 02:19:57,2021-07-29 17:15:55,Apple,-13.99,0.00,BGN,COMPLETED,428.33
CARD_PAYMENT,Current,2021-07-28 18:29:28,2021-07-29 17:32:44,Maxmark Kasa Iv,-17.62,0.00,BGN,COMPLETED,410.71
CARD_PAYMENT,Current,2021-07-29 19:24:57,2021-07-30 17:24:49,Maxmark Kasa Iv,-14.53,0.00,BGN,COMPLETED,396.18
CARD_PAYMENT,Current,2021-07-29 19:13:30,2021-07-30 17:24:49,Max Mark Kasavii,-58.00,0.00,BGN,COMPLETED,338.18
TOPUP,Current,2021-07-30 17:58:58,2021-07-30 17:59:23,Top-Up by *8847,500.00,0.00,BGN,COMPLETED,838.18
CARD_PAYMENT,Current,2021-07-30 21:07:13,2021-07-31 03:23:14,HBO Max,-7.81,0.00,BGN,COMPLETED,830.37
CARD_PAYMENT,Current,2021-07-25 17:48:20,2021-07-31 03:33:14,Amazon,-131.29,0.00,BGN,COMPLETED,699.08
CARD_PAYMENT,Current,2021-07-30 17:55:21,2021-08-02 13:22:16,Maks Mark,-5.65,0.00,BGN,COMPLETED,693.43
CARD_PAYMENT,Current,2021-08-01 12:06:18,2021-08-02 20:55:18,Apple,-9.99,0.00,BGN,COMPLETED,683.44
CARD_PAYMENT,Current,2021-07-30 18:09:32,2021-08-02 21:25:39,MAX MARK,-60.19,0.00,BGN,COMPLETED,623.25
CARD_PAYMENT,Current,2021-07-31 13:17:16,2021-08-02 21:25:39,MAX MARK,-58.20,0.00,BGN,COMPLETED,565.05
CARD_PAYMENT,Current,2021-07-31 13:28:28,2021-08-02 21:42:57,LUKOIL,-111.41,0.00,BGN,COMPLETED,453.64
CARD_PAYMENT,Current,2021-08-02 18:11:12,2021-08-03 17:18:43,Max Mark Kasa 2,-8.99,0.00,BGN,COMPLETED,444.65
CARD_PAYMENT,Current,2021-08-03 18:12:53,2021-08-04 17:49:13,Max Mark Kasavii,-69.00,0.00,BGN,COMPLETED,375.65
CARD_PAYMENT,Current,2021-08-03 18:20:07,2021-08-04 17:49:13,Max Mark,-10.22,0.00,BGN,COMPLETED,365.43
CARD_PAYMENT,Current,2021-08-04 18:17:15,2021-08-05 16:59:51,Max Mark,-26.09,0.00,BGN,COMPLETED,339.34
CARD_PAYMENT,Current,2021-08-05 18:37:48,2021-08-06 17:01:36,Max Mark,-29.55,0.00,BGN,COMPLETED,309.79
TOPUP,Current,2021-08-07 09:57:09,2021-08-07 09:57:15,Auto Top-Up by *8847,500.00,0.00,BGN,COMPLETED,809.79
CARD_PAYMENT,Current,2021-08-07 13:32:24,2021-08-09 18:27:32,MAX MARK,-36.39,0.00,BGN,COMPLETED,773.40
CARD_PAYMENT,Current,2021-08-06 18:21:53,2021-08-09 18:27:33,Max Mark,-40.05,0.00,BGN,COMPLETED,733.35
CARD_PAYMENT,Current,2021-08-09 18:26:48,2021-08-10 16:49:36,Max Mark Kasavii,-69.00,0.00,BGN,COMPLETED,664.35
CARD_PAYMENT,Current,2021-08-09 18:36:37,2021-08-10 16:49:36,Maxmark Kasa Iv,-22.00,0.00,BGN,COMPLETED,642.35
CARD_PAYMENT,Current,2021-08-07 09:57:08,2021-08-11 03:35:21,Amazon,-176.53,0.00,BGN,COMPLETED,465.82
CARD_PAYMENT,Current,2021-08-10 18:28:24,2021-08-11 17:15:20,Maxmark Kasa Iv,-13.34,0.00,BGN,COMPLETED,452.48
TOPUP,Current,2021-08-12 12:12:25,2021-08-12 12:12:46,Top-Up by *8847,500.00,0.00,BGN,COMPLETED,952.48
CARD_PAYMENT,Current,2021-08-11 17:25:50,2021-08-12 12:55:00,Maks Mark,-3.39,0.00,BGN,COMPLETED,949.09
CARD_PAYMENT,Current,2021-08-11 18:40:38,2021-08-12 17:28:07,Maxmark Kasa Iv,-32.37,0.00,BGN,COMPLETED,916.72
CARD_PAYMENT,Current,2021-08-12 12:13:27,2021-08-13 03:37:13,PayPal,-430.47,0.00,BGN,COMPLETED,486.25
CARD_PAYMENT,Current,2021-08-12 18:20:58,2021-08-13 20:01:09,MAX MARK,-24.70,0.00,BGN,COMPLETED,461.55
CARD_PAYMENT,Current,2021-08-13 18:38:30,2021-08-16 23:22:35,Max Mark,-34.39,0.00,BGN,COMPLETED,427.16
CARD_PAYMENT,Current,2021-08-14 13:22:31,2021-08-16 23:22:35,Max Mark Kasa 2,-58.74,0.00,BGN,COMPLETED,368.42
CARD_PAYMENT,Current,2021-08-13 16:00:45,2021-08-16 23:22:35,Max Mark Kasavii,-26.00,0.00,BGN,COMPLETED,342.42
CARD_PAYMENT,Current,2021-08-12 21:20:58,2021-08-16 23:22:35,MAX MARK,-24.70,0.00,BGN,COMPLETED,317.72
CARD_PAYMENT,Current,2021-07-27 21:23:27,2021-08-16 23:28:06,Maks Mark,-12.78,0.00,BGN,COMPLETED,304.94
CARD_PAYMENT,Current,2021-08-16 18:13:07,2021-08-17 17:52:27,Maxmark Kasa Iv,-11.25,0.00,BGN,COMPLETED,293.69
CARD_PAYMENT,Current,2021-08-17 18:18:52,2021-08-18 17:44:49,MAX MARK,-28.19,0.00,BGN,COMPLETED,265.50
CARD_PAYMENT,Current,2021-08-17 18:19:39,2021-08-18 17:44:49,Max Mark Kasavii,-69.00,0.00,BGN,COMPLETED,196.50
CARD_PAYMENT,Current,2021-07-27 21:32:25,2021-08-18 17:44:49,Maxmark Kasa Iv,-30.67,0.00,BGN,COMPLETED,165.83
CARD_PAYMENT,Current,2021-07-26 17:06:38,2021-08-18 17:44:49,Max Mark Kasavii,-1.16,0.00,BGN,COMPLETED,164.67
CARD_PAYMENT,Current,2021-07-26 21:21:47,2021-08-18 17:44:50,Maxmark Kasa Iv,-21.12,0.00,BGN,COMPLETED,143.55
CARD_PAYMENT,Current,2021-07-27 17:45:05,2021-08-18 17:44:50,Maxmark Kasa Iv,-2.68,0.00,BGN,COMPLETED,140.87
TOPUP,Current,2021-08-18 18:17:21,2021-08-18 18:17:23,Auto Top-Up by *8847,500.00,0.00,BGN,COMPLETED,640.87
CARD_PAYMENT,Current,2021-08-18 18:17:20,2021-08-19 17:24:39,Maxmark Kasa Iv,-37.17,0.00,BGN,COMPLETED,603.70
CARD_REFUND,Current,2021-08-20 03:00:00,2021-08-20 03:07:59,MAX MARK,24.70,0.00,BGN,COMPLETED,628.40
CARD_PAYMENT,Current,2021-08-19 18:39:25,2021-08-20 18:03:17,MAX MARK,-29.83,0.00,BGN,COMPLETED,598.57
CARD_PAYMENT,Current,2021-08-20 11:14:02,2021-08-21 03:08:20,Apple,-18.99,0.00,BGN,COMPLETED,579.58
CARD_PAYMENT,Current,2021-08-20 16:31:37,2021-08-21 14:09:41,Apteka Salviya,-30.90,0.00,BGN,COMPLETED,548.68
CARD_PAYMENT,Current,2021-08-21 23:59:12,2021-08-22 17:02:22,Apple,-6.49,0.00,BGN,COMPLETED,542.19
CARD_PAYMENT,Current,2021-08-20 15:38:15,2021-08-23 17:43:58,Juppi,-26.00,0.00,BGN,COMPLETED,516.19
CARD_PAYMENT,Current,2021-08-21 13:14:07,2021-08-23 22:36:51,MAX MARK,-30.73,0.00,BGN,COMPLETED,485.46
CARD_PAYMENT,Current,2021-08-20 18:39:17,2021-08-23 22:36:52,MAX MARK,-35.54,0.00,BGN,COMPLETED,449.92
CARD_PAYMENT,Current,2021-08-20 17:44:06,2021-08-23 22:39:24,Applefix Bulgaria Eood,-79.00,0.00,BGN,COMPLETED,370.92
CARD_PAYMENT,Current,2021-08-23 21:08:11,2021-08-24 18:04:15,Adobe,-23.47,0.00,BGN,COMPLETED,347.45
CARD_PAYMENT,Current,2021-08-23 18:41:53,2021-08-25 03:23:58,MAX MARK,-15.26,0.00,BGN,COMPLETED,332.19
CARD_PAYMENT,Current,2021-08-24 18:23:15,2021-08-25 17:47:16,Maxmark Kasa Iv,-34.29,0.00,BGN,COMPLETED,297.90
CARD_PAYMENT,Current,2021-08-24 18:11:30,2021-08-25 17:47:16,Max Mark Kasavii,-49.50,0.00,BGN,COMPLETED,248.40
CARD_PAYMENT,Current,2021-08-25 18:22:31,2021-08-26 19:38:40,Maxmark Kasa Iv,-5.42,0.00,BGN,COMPLETED,242.98
CARD_PAYMENT,Current,2021-08-26 18:19:01,2021-08-27 13:24:29,Maks Mark,-2.96,0.00,BGN,COMPLETED,240.02
CARD_PAYMENT,Current,2021-08-26 18:19:49,2021-08-27 18:26:07,MAX MARK,-26.00,0.00,BGN,COMPLETED,214.02
CARD_PAYMENT,Current,2021-08-26 18:28:14,2021-08-27 18:26:07,MAX MARK,-21.87,0.00,BGN,COMPLETED,192.15
CARD_PAYMENT,Current,2021-08-26 03:39:54,2021-08-27 19:32:19,Apple,-40.99,0.00,BGN,COMPLETED,151.16
TOPUP,Current,2021-08-28 01:13:16,2021-08-28 01:13:21,Auto Top-Up by *8847,500.00,0.00,BGN,COMPLETED,651.16
CARD_PAYMENT,Current,2021-08-28 01:13:16,2021-08-28 18:47:23,Apple,-9.99,0.00,BGN,COMPLETED,641.17
CARD_PAYMENT,Current,2021-08-28 02:18:36,2021-08-29 16:47:14,Apple,-13.99,0.00,BGN,COMPLETED,627.18
CARD_PAYMENT,Current,2021-08-27 18:46:57,2021-08-30 18:25:04,MAX MARK,-21.91,0.00,BGN,COMPLETED,605.27
CARD_PAYMENT,Current,2021-08-28 13:29:05,2021-08-30 18:25:04,MAX MARK,-42.70,0.00,BGN,COMPLETED,562.57
CARD_PAYMENT,Current,2021-08-30 09:53:51,2021-08-30 19:05:26,HBO Max,-7.81,0.00,BGN,COMPLETED,554.76
CARD_PAYMENT,Current,2021-08-30 18:06:36,2021-08-31 21:30:12,Maxmark Kasa Iv,-30.64,0.00,BGN,COMPLETED,524.12
CARD_PAYMENT,Current,2021-08-30 16:07:19,2021-08-31 21:30:12,MAX MARK,-62.50,0.00,BGN,COMPLETED,461.62
CARD_PAYMENT,Current,2021-08-31 18:26:41,2021-09-01 18:57:12,MAX MARK,-18.59,0.00,BGN,COMPLETED,443.03
CARD_PAYMENT,Current,2021-09-01 18:06:46,2021-09-02 18:43:52,Maxmark Kasa Iv,-22.71,0.00,BGN,COMPLETED,420.32
CARD_PAYMENT,Current,2021-09-01 12:04:41,2021-09-02 20:32:17,Apple,-9.99,0.00,BGN,COMPLETED,410.33
TOPUP,Current,2021-09-04 13:34:33,2021-09-04 13:34:37,Auto Top-Up by *8847,500.00,0.00,BGN,COMPLETED,910.33
CARD_PAYMENT,Current,2021-09-02 18:33:34,2021-09-05 15:55:41,Maxmark Kasa Iv,-24.78,0.00,BGN,COMPLETED,885.55
CARD_PAYMENT,Current,2021-09-05 15:13:24,2021-09-07 00:46:10,CBA,-11.33,0.00,BGN,COMPLETED,874.22
CARD_PAYMENT,Current,2021-09-05 10:28:42,2021-09-07 07:06:23,Apple,-21.99,0.00,BGN,COMPLETED,852.23
CARD_PAYMENT,Current,2021-09-03 18:13:06,2021-09-07 09:51:30,MAX MARK,-75.50,0.00,BGN,COMPLETED,776.73
CARD_PAYMENT,Current,2021-09-03 18:21:32,2021-09-07 09:51:30,Maxmark Kasa Iv,-38.54,0.00,BGN,COMPLETED,738.19
CARD_PAYMENT,Current,2021-09-04 13:34:31,2021-09-07 09:51:30,MAX MARK,-42.73,0.00,BGN,COMPLETED,695.46
CARD_PAYMENT,Current,2021-09-03 18:28:55,2021-09-07 09:51:30,LUKOIL,-104.83,0.00,BGN,COMPLETED,590.63
CARD_PAYMENT,Current,2021-09-06 18:08:32,2021-09-07 22:26:31,Max Mark Kasa 2,-28.02,0.00,BGN,COMPLETED,562.61
CARD_PAYMENT,Current,2021-09-07 19:39:46,2021-09-08 03:48:50,Microsoft Store,-189.99,0.00,BGN,COMPLETED,372.62
CARD_PAYMENT,Current,2021-09-08 18:03:29,2021-09-09 16:57:00,Max Mark,-15.15,0.00,BGN,COMPLETED,357.47
CARD_PAYMENT,Current,2021-09-08 17:52:19,2021-09-09 16:57:00,MAX MARK,-82.00,0.00,BGN,COMPLETED,275.47
CARD_PAYMENT,Current,2021-09-09 18:58:49,2021-09-10 19:05:31,MAX MARK,-14.12,0.00,BGN,COMPLETED,261.35
TOPUP,Current,2021-09-13 18:33:27,2021-09-13 18:33:29,Auto Top-Up by *8847,500.00,0.00,BGN,COMPLETED,761.35
CARD_PAYMENT,Current,2021-09-11 13:23:03,2021-09-13 21:15:14,MAX MARK,-43.85,0.00,BGN,COMPLETED,717.50
CARD_PAYMENT,Current,2021-09-10 17:41:55,2021-09-13 21:15:15,MAX MARK,-29.65,0.00,BGN,COMPLETED,687.85
CARD_PAYMENT,Current,2021-09-13 18:33:25,2021-09-14 17:10:42,MAX MARK,-92.42,0.00,BGN,COMPLETED,595.43
CARD_PAYMENT,Current,2021-09-14 17:04:38,2021-09-15 16:57:35,MAX MARK,-54.70,0.00,BGN,COMPLETED,540.73
CARD_PAYMENT,Current,2021-09-14 18:22:18,2021-09-15 16:57:35,MAX MARK,-35.39,0.00,BGN,COMPLETED,505.34
CARD_PAYMENT,Current,2021-09-15 18:18:56,2021-09-16 17:41:33,MAX MARK,-14.71,0.00,BGN,COMPLETED,490.63
CARD_PAYMENT,Current,2021-09-15 18:09:16,2021-09-16 17:41:34,MAX MARK,-5.20,0.00,BGN,COMPLETED,485.43
CARD_PAYMENT,Current,2021-09-16 17:55:33,2021-09-17 18:16:50,Maxmark Kasa Iv,-25.72,0.00,BGN,COMPLETED,459.71
CARD_PAYMENT,Current,2021-09-17 18:12:12,2021-09-20 21:31:50,Maxmark Kasa Iv,-50.33,0.00,BGN,COMPLETED,409.38
CARD_PAYMENT,Current,2021-09-17 14:42:04,2021-09-20 21:34:00,MAX MARK,-26.00,0.00,BGN,COMPLETED,383.38
CARD_PAYMENT,Current,2021-09-18 13:26:05,2021-09-20 21:34:00,MAX MARK,-59.36,0.00,BGN,COMPLETED,324.02
CARD_PAYMENT,Current,2021-09-19 11:40:41,2021-09-20 23:19:10,Apple,-4.49,0.00,BGN,COMPLETED,319.53
CARD_PAYMENT,Current,2021-09-20 11:13:59,2021-09-21 03:27:54,Apple,-18.99,0.00,BGN,COMPLETED,300.54
CARD_PAYMENT,Current,2021-09-20 18:15:08,2021-09-21 18:15:03,Maxmark Kasa Iv,-14.51,0.00,BGN,COMPLETED,286.03
CARD_PAYMENT,Current,2021-09-21 18:17:19,2021-09-22 18:18:36,MAX MARK,-49.50,0.00,BGN,COMPLETED,236.53
CARD_PAYMENT,Current,2021-09-21 18:25:00,2021-09-22 18:18:36,MAX MARK,-40.49,0.00,BGN,COMPLETED,196.04
CARD_PAYMENT,Current,2021-09-22 18:07:35,2021-09-23 17:01:01,Maxmark Kasa Iv,-20.24,0.00,BGN,COMPLETED,175.80
CARD_PAYMENT,Current,2021-09-22 16:50:55,2021-09-23 17:01:01,MAX MARK,-49.50,0.00,BGN,COMPLETED,126.30
TOPUP,Current,2021-09-23 17:44:35,2021-09-23 17:44:39,Auto Top-Up by *8847,500.00,0.00,BGN,COMPLETED,626.30
CARD_PAYMENT,Current,2021-09-23 17:44:34,2021-09-24 17:30:55,Adobe,-23.47,0.00,BGN,COMPLETED,602.83
CARD_PAYMENT,Current,2021-09-23 18:07:06,2021-09-24 17:33:15,Maxmark Kasa Iv,-14.86,0.00,BGN,COMPLETED,587.97
CARD_PAYMENT,Current,2021-09-23 17:53:53,2021-09-24 17:33:15,MAX MARK,-26.00,0.00,BGN,COMPLETED,561.97
TOPUP,Current,2021-09-26 14:10:02,2021-09-26 14:10:24,Top-Up by *8847,500.00,0.00,BGN,COMPLETED,1061.97
CARD_PAYMENT,Current,2021-09-26 14:11:00,2021-09-27 08:54:17,Globale,-530.35,5.30,BGN,COMPLETED,526.32
CARD_PAYMENT,Current,2021-09-25 13:32:15,2021-09-27 21:44:30,Juppi,-51.79,0.00,BGN,COMPLETED,474.53
CARD_PAYMENT,Current,2021-09-24 18:34:20,2021-09-27 21:44:30,Juppi,-33.37,0.00,BGN,COMPLETED,441.16
CARD_PAYMENT,Current,2021-09-25 20:20:35,2021-09-28 00:39:26,Apple,-6.49,0.00,BGN,COMPLETED,434.67
CARD_PAYMENT,Current,2021-09-25 20:19:15,2021-09-28 00:43:25,Apple,-10.99,0.00,BGN,COMPLETED,423.68
CARD_PAYMENT,Current,2021-09-27 18:21:51,2021-09-28 17:31:42,MAX MARK,-37.70,0.00,BGN,COMPLETED,385.98
CARD_PAYMENT,Current,2021-09-28 02:18:28,2021-09-28 19:43:33,Apple,-13.99,0.00,BGN,COMPLETED,371.99
CARD_PAYMENT,Current,2021-09-28 01:13:00,2021-09-28 19:43:34,Apple,-9.99,0.00,BGN,COMPLETED,362.00
CARD_PAYMENT,Current,2021-09-28 18:10:57,2021-09-29 18:35:16,MAX MARK,-39.69,0.00,BGN,COMPLETED,322.31
CARD_PAYMENT,Current,2021-09-28 17:54:00,2021-09-29 18:35:16,MAX MARK,-19.50,0.00,BGN,COMPLETED,302.81
TOPUP,Current,2021-09-29 19:17:36,2021-09-29 19:17:41,Auto Top-Up by *8847,500.00,0.00,BGN,COMPLETED,802.81
CARD_PAYMENT,Current,2021-09-29 18:06:00,2021-09-30 17:08:32,MAX MARK,-20.55,0.00,BGN,COMPLETED,782.26
CARD_PAYMENT,Current,2021-09-29 19:17:35,2021-10-01 03:31:07,Allbirdsinc,-254.36,0.00,BGN,COMPLETED,527.90
CARD_PAYMENT,Current,2021-09-30 13:15:50,2021-10-01 04:20:29,HBO Max,-7.81,0.00,BGN,COMPLETED,520.09
CARD_PAYMENT,Current,2021-09-30 17:58:57,2021-10-01 18:20:43,MAX MARK,-24.23,0.00,BGN,COMPLETED,495.86
CARD_PAYMENT,Current,2021-09-30 14:53:35,2021-10-01 18:20:43,MAX MARK,-1.99,0.00,BGN,COMPLETED,493.87
CARD_PAYMENT,Current,2021-09-30 17:50:19,2021-10-01 18:20:44,MAX MARK,-49.50,0.00,BGN,COMPLETED,444.37
CARD_PAYMENT,Current,2021-10-01 12:06:09,2021-10-02 18:04:11,Apple,-9.99,0.00,BGN,COMPLETED,434.38
CARD_PAYMENT,Current,2021-10-02 13:26:27,2021-10-04 21:24:22,Maxmark Kasa Iv,-57.77,0.00,BGN,COMPLETED,376.61
CARD_PAYMENT,Current,2021-10-01 18:45:01,2021-10-04 21:24:22,MAX MARK,-26.00,0.00,BGN,COMPLETED,350.61
TOPUP,Current,2021-10-05 08:43:35,2021-10-05 08:43:51,Top-Up by *8847,500.00,0.00,BGN,COMPLETED,850.61
CARD_PAYMENT,Current,2021-10-04 17:27:37,2021-10-05 17:17:53,MAX MARK,-17.66,0.00,BGN,COMPLETED,832.95
CARD_PAYMENT,Current,2021-10-05 18:34:03,2021-10-06 19:01:00,Max Mark,-12.38,0.00,BGN,COMPLETED,820.57
CARD_PAYMENT,Current,2021-10-05 18:26:44,2021-10-06 19:01:00,MAX MARK,-35.31,0.00,BGN,COMPLETED,785.26
CARD_PAYMENT,Current,2021-10-05 14:41:47,2021-10-06 19:01:01,MAX MARK,-1.99,0.00,BGN,COMPLETED,783.27
CARD_PAYMENT,Current,2021-10-06 18:06:59,2021-10-07 18:07:02,MAX MARK,-69.00,0.00,BGN,COMPLETED,714.27
CARD_PAYMENT,Current,2021-10-06 18:15:26,2021-10-07 18:07:02,Max Mark Kasa 2,-34.91,0.00,BGN,COMPLETED,679.36
CARD_PAYMENT,Current,2021-10-05 09:08:25,2021-10-08 07:57:45,HUGO BOSS,-325.00,0.00,BGN,COMPLETED,354.36
CARD_PAYMENT,Current,2021-10-07 18:53:36,2021-10-08 18:39:38,Max Mark,-25.43,0.00,BGN,COMPLETED,328.93
TOPUP,Current,2021-10-11 18:06:37,2021-10-11 18:06:42,Auto Top-Up by *8847,500.00,0.00,BGN,COMPLETED,828.93
CARD_PAYMENT,Current,2021-10-09 13:49:26,2021-10-12 17:07:21,MAX MARK,-28.31,0.00,BGN,COMPLETED,800.62
CARD_PAYMENT,Current,2021-10-08 18:56:31,2021-10-12 17:07:21,MAX MARK,-31.83,0.00,BGN,COMPLETED,768.79
TOPUP,Current,2021-10-12 19:52:49,2021-10-12 19:53:07,Top-Up by *8847,1000.00,0.00,BGN,COMPLETED,1768.79
CARD_PAYMENT,Current,2021-10-11 18:06:37,2021-10-13 05:55:13,LUKOIL,-124.13,0.00,BGN,COMPLETED,1644.66
CARD_PAYMENT,Current,2021-10-11 17:57:55,2021-10-13 05:55:13,Maxmark Kasa Iv,-37.87,0.00,BGN,COMPLETED,1606.79
CARD_PAYMENT,Current,2021-10-12 18:39:07,2021-10-13 17:54:00,MAX MARK,-24.24,0.00,BGN,COMPLETED,1582.55
CARD_PAYMENT,Current,2021-10-13 18:06:17,2021-10-14 15:27:48,Maks Mark,-20.60,0.00,BGN,COMPLETED,1561.95
CARD_PAYMENT,Current,2021-10-13 18:14:35,2021-10-14 21:47:11,Maxmark Kasa Iv,-13.34,0.00,BGN,COMPLETED,1548.61
CARD_PAYMENT,Current,2021-10-13 09:12:28,2021-10-14 21:47:11,MAX MARK,-69.00,0.00,BGN,COMPLETED,1479.61
CARD_PAYMENT,Current,2021-10-13 13:58:14,2021-10-14 21:47:11,MAX MARK,-1.58,0.00,BGN,COMPLETED,1478.03
CARD_PAYMENT,Current,2021-10-14 18:22:47,2021-10-15 17:38:27,MAX MARK,-14.34,0.00,BGN,COMPLETED,1463.69
CARD_PAYMENT,Current,2021-10-13 12:01:45,2021-10-16 04:33:20,Apple Store,-107.63,0.00,BGN,COMPLETED,1356.06
CARD_PAYMENT,Current,2021-10-13 12:01:42,2021-10-16 04:33:20,Apple Store,-88.05,0.00,BGN,COMPLETED,1268.01
CARD_PAYMENT,Current,2021-10-15 18:01:38,2021-10-18 17:59:32,MAX MARK,-44.88,0.00,BGN,COMPLETED,1223.13
CARD_PAYMENT,Current,2021-10-16 13:38:06,2021-10-18 17:59:32,MAX MARK,-27.67,0.00,BGN,COMPLETED,1195.46
CARD_PAYMENT,Current,2021-10-17 14:56:49,2021-10-18 18:01:33,Maxmark Kasa Iv,-25.07,0.00,BGN,COMPLETED,1170.39
CARD_PAYMENT,Current,2021-10-18 18:27:27,2021-10-19 17:15:33,Max Mark,-12.97,0.00,BGN,COMPLETED,1157.42
CARD_PAYMENT,Current,2021-10-19 18:01:56,2021-10-20 18:22:48,Max Mark,-30.79,0.00,BGN,COMPLETED,1126.63
CARD_PAYMENT,Current,2021-10-19 17:54:57,2021-10-20 18:22:48,MAX MARK,-69.00,0.00,BGN,COMPLETED,1057.63
CARD_PAYMENT,Current,2021-10-20 11:14:03,2021-10-21 03:45:01,Apple,-18.99,0.00,BGN,COMPLETED,1038.64
CARD_PAYMENT,Current,2021-10-20 18:02:56,2021-10-21 17:07:35,MAX MARK,-17.15,0.00,BGN,COMPLETED,1021.49
CARD_PAYMENT,Current,2021-10-21 18:26:08,2021-10-22 17:28:21,MAX MARK,-24.62,0.00,BGN,COMPLETED,996.87
CARD_PAYMENT,Current,2021-10-23 19:26:32,2021-10-24 16:53:07,Adobe,-23.47,0.23,BGN,COMPLETED,973.17
CARD_PAYMENT,Current,2021-10-22 18:25:12,2021-10-25 20:49:30,MAX MARK,-12.88,0.00,BGN,COMPLETED,960.29
CARD_PAYMENT,Current,2021-10-22 15:23:38,2021-10-25 20:49:30,MAX MARK,-19.50,0.00,BGN,COMPLETED,940.79
CARD_PAYMENT,Current,2021-10-23 13:18:27,2021-10-25 20:49:30,MAX MARK,-55.35,0.00,BGN,COMPLETED,885.44
CARD_PAYMENT,Current,2021-10-25 19:41:44,2021-10-26 18:41:34,MAX MARK,-25.36,0.00,BGN,COMPLETED,860.08
CARD_PAYMENT,Current,2021-10-25 18:58:36,2021-10-26 18:41:34,Max Marks5 Kasa1,-0.10,0.00,BGN,COMPLETED,859.98
CARD_PAYMENT,Current,2021-10-26 19:19:08,2021-10-27 19:53:14,Max Marks5 Kasa1,-3.49,0.00,BGN,COMPLETED,856.49
CARD_PAYMENT,Current,2021-10-26 18:29:30,2021-10-27 19:55:48,Max Mark Kasa 2,-20.65,0.00,BGN,COMPLETED,835.84
CARD_PAYMENT,Current,2021-10-26 18:30:51,2021-10-27 19:55:48,MAX MARK,-49.50,0.00,BGN,COMPLETED,786.34
CARD_PAYMENT,Current,2021-10-27 18:40:58,2021-10-28 18:25:49,MAX MARK,-13.88,0.00,BGN,COMPLETED,772.46
CARD_PAYMENT,Current,2021-10-28 01:12:59,2021-10-28 19:14:58,Apple,-9.99,0.00,BGN,COMPLETED,762.47
CARD_PAYMENT,Current,2021-10-28 11:48:29,2021-10-29 23:23:47,Max Mark6 Kasa 2,-6.50,0.00,BGN,COMPLETED,755.97
CARD_PAYMENT,Current,2021-10-28 14:33:33,2021-10-29 23:23:47,MAX MARK,-21.56,0.00,BGN,COMPLETED,734.41
CARD_PAYMENT,Current,2021-10-28 18:33:32,2021-10-29 23:23:47,MAX MARK,-21.74,0.00,BGN,COMPLETED,712.67
CARD_PAYMENT,Current,2021-10-28 02:19:40,2021-10-30 00:06:19,Apple,-13.99,0.00,BGN,COMPLETED,698.68
CARD_PAYMENT,Current,2021-10-30 10:00:02,2021-10-30 18:15:39,HBO Max,-7.82,0.08,BGN,COMPLETED,690.78
CARD_PAYMENT,Current,2021-10-30 13:30:45,2021-11-01 21:20:07,Max Mark Kasa 2,-42.52,0.00,BGN,COMPLETED,648.26
CARD_PAYMENT,Current,2021-10-29 18:40:20,2021-11-01 21:20:07,Max Marks5 Kasa1,-5.17,0.00,BGN,COMPLETED,643.09
CARD_PAYMENT,Current,2021-10-31 13:01:20,2021-11-01 21:20:07,Maxmark Kasa Iv,-15.88,0.00,BGN,COMPLETED,627.21
CARD_PAYMENT,Current,2021-10-29 18:30:31,2021-11-01 21:20:07,MAX MARK,-32.99,0.00,BGN,COMPLETED,594.22
CARD_PAYMENT,Current,2021-10-31 11:12:07,2021-11-02 01:29:22,Apple,-12.99,0.00,BGN,COMPLETED,581.23
CARD_PAYMENT,Current,2021-11-01 11:02:42,2021-11-02 21:44:43,Apple,-9.99,0.00,BGN,COMPLETED,571.24
CARD_PAYMENT,Current,2021-11-01 17:50:06,2021-11-03 03:21:35,MAX MARK,-27.76,0.00,BGN,COMPLETED,543.48
CARD_PAYMENT,Current,2021-11-01 14:30:28,2021-11-03 03:21:35,MAX MARK,-51.79,0.00,BGN,COMPLETED,491.69
CARD_PAYMENT,Current,2021-11-02 18:09:23,2021-11-03 19:59:10,MAX MARK,-19.50,0.00,BGN,COMPLETED,472.19
CARD_PAYMENT,Current,2021-11-03 11:32:27,2021-11-04 18:56:33,Apple,-19.99,0.00,BGN,COMPLETED,452.20
CARD_PAYMENT,Current,2021-11-04 18:25:43,2021-11-05 22:13:53,Maxmark Kasa Iv,-18.33,0.00,BGN,COMPLETED,433.87
TOPUP,Current,2021-11-06 13:54:04,2021-11-06 13:54:05,Auto Top-Up by *8847,500.00,0.00,BGN,COMPLETED,933.87
CARD_PAYMENT,Current,2021-11-06 13:54:03,2021-11-08 19:45:26,MAX MARK,-55.39,0.00,BGN,COMPLETED,878.48
CARD_PAYMENT,Current,2021-11-05 18:37:39,2021-11-08 19:45:27,MAX MARK,-69.00,0.00,BGN,COMPLETED,809.48
CARD_PAYMENT,Current,2021-11-05 18:36:56,2021-11-08 19:45:27,Maxmark Kasa Iv,-37.01,0.00,BGN,COMPLETED,772.47
CARD_PAYMENT,Current,2021-11-03 09:23:23,2021-11-08 22:20:49,Amazon,-149.92,0.00,BGN,COMPLETED,622.55
CARD_PAYMENT,Current,2021-11-08 17:09:13,2021-11-09 12:49:59,Maks Mark,-76.28,0.00,BGN,COMPLETED,546.27
CARD_PAYMENT,Current,2021-11-08 18:11:46,2021-11-09 17:39:16,Max Mark,-16.24,0.00,BGN,COMPLETED,530.03
CARD_PAYMENT,Current,2021-11-09 18:25:41,2021-11-10 19:02:32,Maxmark Kasa Iv,-20.92,0.00,BGN,COMPLETED,509.11
CARD_PAYMENT,Current,2021-11-09 15:55:03,2021-11-10 19:02:33,LUKOIL,-98.19,0.00,BGN,COMPLETED,410.92
CARD_PAYMENT,Current,2021-11-10 17:58:06,2021-11-11 20:59:43,MAX MARK,-3.77,0.00,BGN,COMPLETED,407.15
CARD_PAYMENT,Current,2021-11-11 17:56:25,2021-11-12 21:09:43,MAX MARK,-19.47,0.00,BGN,COMPLETED,387.68
CARD_PAYMENT,Current,2021-11-11 17:48:35,2021-11-12 21:09:43,MAX MARK,-69.00,0.00,BGN,COMPLETED,318.68
CARD_PAYMENT,Current,2021-11-13 14:14:47,2021-11-15 12:14:52,Veles Food,-7.31,0.00,BGN,COMPLETED,311.37
CARD_PAYMENT,Current,2021-11-12 18:12:41,2021-11-15 13:28:17,Maks Mark,-3.94,0.00,BGN,COMPLETED,307.43
CARD_PAYMENT,Current,2021-11-12 18:11:25,2021-11-15 13:28:17,Maks Mark,-3.51,0.00,BGN,COMPLETED,303.92
CARD_PAYMENT,Current,2021-11-14 13:20:10,2021-11-15 16:22:43,Apteka Salviya,-24.35,0.00,BGN,COMPLETED,279.57
CARD_PAYMENT,Current,2021-11-12 18:26:01,2021-11-15 19:42:22,MAX MARK,-54.81,0.00,BGN,COMPLETED,224.76
CARD_PAYMENT,Current,2021-11-13 13:34:00,2021-11-15 19:42:23,MAX MARK,-43.54,0.00,BGN,COMPLETED,181.22
TOPUP,Current,2021-11-16 18:03:57,2021-11-16 18:03:59,Auto Top-Up by *8847,500.00,0.00,BGN,COMPLETED,681.22
CARD_PAYMENT,Current,2021-11-15 18:00:23,2021-11-16 19:23:17,Max Mark Kasa 2,-20.70,0.00,BGN,COMPLETED,660.52
TOPUP,Current,2021-11-17 18:31:28,2021-11-17 18:31:46,Top-Up by *8847,1000.00,0.00,BGN,COMPLETED,1660.52
CARD_PAYMENT,Current,2021-11-16 18:03:56,2021-11-17 20:32:11,MAX MARK,-69.00,0.00,BGN,COMPLETED,1591.52
CARD_PAYMENT,Current,2021-11-16 18:02:32,2021-11-17 20:32:11,MAX MARK,-12.75,0.00,BGN,COMPLETED,1578.77
CARD_PAYMENT,Current,2021-11-17 18:55:19,2021-11-19 00:12:38,Maxmark Kasa Iv,-10.75,0.00,BGN,COMPLETED,1568.02
CARD_PAYMENT,Current,2021-11-18 18:31:31,2021-11-19 19:45:59,MAX MARK,-34.45,0.00,BGN,COMPLETED,1533.57
TRANSFER,Current,2021-11-20 15:19:05,2021-11-20 15:19:05,Revolut Payments UAB,20.00,0.00,BGN,COMPLETED,1553.57
CARD_PAYMENT,Current,2021-11-20 11:14:12,2021-11-21 03:51:47,Apple,-18.99,0.00,BGN,COMPLETED,1534.58
CARD_PAYMENT,Current,2021-11-20 15:39:20,2021-11-22 03:58:19,PayPal,-40.73,0.00,BGN,COMPLETED,1493.85
CARD_PAYMENT,Current,2021-11-19 18:44:46,2021-11-22 22:37:27,Max Marks5 Kasa1,-10.84,0.00,BGN,COMPLETED,1483.01
CARD_PAYMENT,Current,2021-11-20 13:39:02,2021-11-22 22:40:06,MAX MARK,-22.95,0.00,BGN,COMPLETED,1460.06
CARD_PAYMENT,Current,2021-11-19 18:31:39,2021-11-22 22:40:06,Maxmark Kasa Iv,-34.06,0.00,BGN,COMPLETED,1426.00
CARD_PAYMENT,Current,2021-11-19 13:55:51,2021-11-22 22:40:07,MAX MARK,-19.50,0.00,BGN,COMPLETED,1406.50
CARD_PAYMENT,Current,2021-11-22 18:28:40,2021-11-23 22:09:28,MAX MARK,-9.47,0.00,BGN,COMPLETED,1397.03
CARD_PAYMENT,Current,2021-11-23 12:43:30,2021-11-24 13:58:10,Apteka Salviya,-43.70,0.00,BGN,COMPLETED,1353.33
CARD_PAYMENT,Current,2021-11-23 18:01:50,2021-11-24 18:24:08,Maxmark Kasa Iv,-25.45,0.00,BGN,COMPLETED,1327.88
CARD_PAYMENT,Current,2021-11-23 17:43:55,2021-11-24 18:24:08,MAX MARK,-54.70,0.00,BGN,COMPLETED,1273.18
CARD_PAYMENT,Current,2021-11-17 14:31:09,2021-11-25 03:53:27,Apple Store,-193.73,0.00,BGN,COMPLETED,1079.45
CARD_PAYMENT,Current,2021-11-17 19:03:26,2021-11-25 03:53:27,Apple Store,-802.22,0.00,BGN,COMPLETED,277.23
TOPUP,Current,2021-11-25 12:00:50,2021-11-25 12:00:53,Auto Top-Up by *8847,500.00,0.00,BGN,COMPLETED,777.23
CARD_PAYMENT,Current,2021-11-24 18:11:06,2021-11-25 18:39:00,Max Marks5 Kasa1,-14.90,0.00,BGN,COMPLETED,762.33
CARD_PAYMENT,Current,2021-11-24 18:02:01,2021-11-25 18:41:14,Maxmark Kasa Iv,-9.41,0.00,BGN,COMPLETED,752.92
TOPUP,Current,2021-11-25 21:05:38,2021-11-25 21:05:47,Auto Top-Up by *8847,500.00,0.00,BGN,COMPLETED,1252.92
CARD_PAYMENT,Current,2021-11-24 19:47:37,2021-11-26 04:05:22,Fastspringb,-95.87,0.00,BGN,COMPLETED,1157.05
TOPUP,Current,2021-11-26 19:14:54,2021-11-26 19:47:23,Top-Up by *8847,500.00,0.00,BGN,COMPLETED,1657.05
CARD_PAYMENT,Current,2021-11-25 18:13:56,2021-11-27 04:24:39,MAX MARK,-16.52,0.00,BGN,COMPLETED,1640.53
CARD_PAYMENT,Current,2021-11-25 12:00:49,2021-11-27 04:24:39,LUKOIL,-121.75,0.00,BGN,COMPLETED,1518.78
CARD_PAYMENT,Current,2021-11-25 13:14:16,2021-11-27 04:24:39,MAX MARK,-5.20,0.00,BGN,COMPLETED,1513.58
CARD_PAYMENT,Current,2021-11-25 14:38:15,2021-11-27 04:24:39,MAX MARK,-1.39,0.00,BGN,COMPLETED,1512.19
CARD_PAYMENT,Current,2021-11-28 01:14:58,2021-11-28 18:31:58,Apple,-9.99,0.00,BGN,COMPLETED,1502.20
CARD_PAYMENT,Current,2021-11-28 16:31:09,2021-11-29 14:02:00,Mobilfox,-87.50,0.00,BGN,COMPLETED,1414.70
CARD_PAYMENT,Current,2021-11-28 02:22:13,2021-11-29 17:50:52,Apple,-13.99,0.00,BGN,COMPLETED,1400.71
CARD_PAYMENT,Current,2021-11-26 18:02:38,2021-11-29 19:04:21,Maxmark Kasa Iv,-53.02,0.00,BGN,COMPLETED,1347.69
CARD_PAYMENT,Current,2021-11-27 13:31:02,2021-11-29 19:04:21,Maxmark Kasa Iv,-112.39,0.00,BGN,COMPLETED,1235.30
CARD_PAYMENT,Current,2021-11-25 21:05:37,2021-11-30 07:14:29,HUGO BOSS,-485.00,0.00,BGN,COMPLETED,750.30
CARD_PAYMENT,Current,2021-11-29 17:46:53,2021-11-30 12:49:42,Maks Mark,-8.53,0.00,BGN,COMPLETED,741.77
CARD_PAYMENT,Current,2021-11-29 17:53:29,2021-11-30 18:37:53,MAX MARK,-25.24,0.00,BGN,COMPLETED,716.53
CARD_PAYMENT,Current,2021-11-29 17:47:59,2021-11-30 18:37:53,MAX MARK,-69.00,0.00,BGN,COMPLETED,647.53
CARD_PAYMENT,Current,2021-11-30 17:51:06,2021-12-01 21:49:52,Max Mark Kasa 2,-19.12,0.00,BGN,COMPLETED,628.41
CARD_PAYMENT,Current,2021-12-01 18:08:52,2021-12-02 19:31:31,Maxmark Kasa Iv,-11.79,0.00,BGN,COMPLETED,616.62
CARD_PAYMENT,Current,2021-12-01 21:21:29,2021-12-03 16:57:19,Apple,-9.99,0.00,BGN,COMPLETED,606.63
TOPUP,Current,2021-12-03 18:54:39,2021-12-03 18:54:44,Auto Top-Up by *8847,500.00,0.00,BGN,COMPLETED,1106.63
CARD_PAYMENT,Current,2021-12-02 18:00:12,2021-12-03 20:55:05,Max Mark Kasa 2,-22.54,0.00,BGN,COMPLETED,1084.09
CARD_PAYMENT,Current,2021-11-29 19:12:43,2021-12-05 04:17:38,Amazon,-351.87,0.00,BGN,COMPLETED,732.22
CARD_PAYMENT,Current,2021-12-03 18:54:36,2021-12-06 18:54:24,Maxmark Kasa Iv,-57.65,0.00,BGN,COMPLETED,674.57
CARD_PAYMENT,Current,2021-12-04 13:17:07,2021-12-06 18:54:24,Maxmark Kasa Iv,-44.86,0.00,BGN,COMPLETED,629.71
CARD_PAYMENT,Current,2021-12-03 18:46:15,2021-12-06 18:54:24,MAX MARK,-69.00,0.00,BGN,COMPLETED,560.71
CARD_PAYMENT,Current,2021-12-06 18:22:24,2021-12-07 21:11:54,Maxmark Kasa Iv,-29.84,0.00,BGN,COMPLETED,530.87
CARD_PAYMENT,Current,2021-12-05 12:33:30,2021-12-08 04:22:04,Amazon,-56.73,0.57,BGN,COMPLETED,473.57
CARD_PAYMENT,Current,2021-12-07 18:25:50,2021-12-08 17:21:05,Maxmark Kasa Iv,-26.68,0.00,BGN,COMPLETED,446.89
CARD_PAYMENT,Current,2021-12-07 12:44:42,2021-12-08 17:21:05,MAX MARK,-2.06,0.00,BGN,COMPLETED,444.83
CARD_PAYMENT,Current,2021-12-07 21:44:47,2021-12-08 19:11:12,Amazon,-124.96,0.00,BGN,COMPLETED,319.87
CARD_PAYMENT,Current,2021-12-08 18:01:57,2021-12-09 12:32:35,Maks Mark,-1.49,0.00,BGN,COMPLETED,318.38
CARD_PAYMENT,Current,2021-12-08 18:11:16,2021-12-09 18:52:26,MAX MARK,-25.22,0.00,BGN,COMPLETED,293.16
CARD_PAYMENT,Current,2021-12-09 18:40:52,2021-12-10 17:31:03,MAX MARK,-75.50,0.00,BGN,COMPLETED,217.66
CARD_PAYMENT,Current,2021-12-09 18:46:58,2021-12-10 17:31:03,Max Mark,-19.62,0.00,BGN,COMPLETED,198.04
TOPUP,Current,2021-12-11 13:54:26,2021-12-11 13:54:30,Auto Top-Up by *8847,500.00,0.00,BGN,COMPLETED,698.04
CARD_PAYMENT,Current,2021-12-12 14:50:53,2021-12-13 13:39:47,Juppi,-17.65,0.00,BGN,COMPLETED,680.39
CARD_PAYMENT,Current,2021-12-11 13:42:08,2021-12-13 13:39:47,Maks Mark,-12.92,0.00,BGN,COMPLETED,667.47
CARD_PAYMENT,Current,2021-12-11 13:54:24,2021-12-13 18:23:51,Max Mark Kasa 2,-40.18,0.00,BGN,COMPLETED,627.29
CARD_PAYMENT,Current,2021-12-10 17:49:30,2021-12-13 18:23:51,MAX MARK,-39.82,0.00,BGN,COMPLETED,587.47
CARD_PAYMENT,Current,2021-12-13 18:02:40,2021-12-14 20:20:16,Max Mark Kasa 2,-22.67,0.00,BGN,COMPLETED,564.80
CARD_PAYMENT,Current,2021-12-14 18:29:30,2021-12-15 18:22:21,Maxmark Kasa Iv,-11.12,0.00,BGN,COMPLETED,553.68
CARD_PAYMENT,Current,2021-12-15 17:31:22,2021-12-16 18:09:18,MAX MARK,-19.43,0.00,BGN,COMPLETED,534.25
CARD_PAYMENT,Current,2021-12-15 17:21:47,2021-12-16 18:09:18,MAX MARK,-69.00,0.00,BGN,COMPLETED,465.25
CARD_PAYMENT,Current,2021-12-16 18:16:19,2021-12-17 19:27:22,MAX MARK,-24.70,0.00,BGN,COMPLETED,440.55
CARD_PAYMENT,Current,2021-12-18 13:36:12,2021-12-20 19:28:16,Max Mark,-51.07,0.00,BGN,COMPLETED,389.48
CARD_PAYMENT,Current,2021-12-17 18:27:30,2021-12-20 19:28:16,Maxmark Kasa Iv,-20.61,0.00,BGN,COMPLETED,368.87
CARD_PAYMENT,Current,2021-12-18 13:49:40,2021-12-20 19:32:33,LUKOIL,-107.37,0.00,BGN,COMPLETED,261.50
TOPUP,Current,2021-12-20 19:39:36,2021-12-20 19:39:52,Top-Up by *8847,500.00,0.00,BGN,COMPLETED,761.50
CARD_PAYMENT,Current,2021-12-20 11:14:26,2021-12-21 04:15:30,Apple,-18.99,0.00,BGN,COMPLETED,742.51
CARD_PAYMENT,Current,2021-12-20 17:52:34,2021-12-21 17:04:12,Max Mark,-19.45,0.00,BGN,COMPLETED,723.06
CARD_PAYMENT,Current,2021-12-20 17:54:21,2021-12-21 17:04:12,MAX MARK,-69.00,0.00,BGN,COMPLETED,654.06
CARD_PAYMENT,Current,2021-12-21 20:04:22,2021-12-22 13:18:01,Amazon,-56.82,0.00,BGN,COMPLETED,597.24
CARD_PAYMENT,Current,2021-12-21 18:12:42,2021-12-22 17:10:56,MAX MARK,-51.37,0.00,BGN,COMPLETED,545.87
CARD_PAYMENT,Current,2021-12-21 11:05:42,2021-12-23 10:06:56,Amazon,-176.09,0.00,BGN,COMPLETED,369.78
CARD_PAYMENT,Current,2021-12-22 16:37:34,2021-12-24 01:04:08,MAX MARK,-24.65,0.00,BGN,COMPLETED,345.13
CARD_PAYMENT,Current,2021-12-23 22:02:08,2021-12-24 08:27:18,PlayStation,-55.92,0.00,BGN,COMPLETED,289.21
CARD_PAYMENT,Current,2021-12-24 09:50:02,2021-12-24 16:46:14,PlayStation,-7.40,0.00,BGN,COMPLETED,281.81
CARD_PAYMENT,Current,2021-12-23 13:32:45,2021-12-24 20:45:47,MAX MARK,-69.00,0.00,BGN,COMPLETED,212.81
CARD_PAYMENT,Current,2021-12-23 18:22:58,2021-12-24 20:45:48,Maxmark Kasa Iv,-36.22,0.00,BGN,COMPLETED,176.59
CARD_PAYMENT,Current,2021-12-24 14:24:56,2021-12-27 17:06:03,Maxmark Kasa Iv,-41.16,0.00,BGN,COMPLETED,135.43
TOPUP,Current,2021-12-27 17:37:09,2021-12-27 17:37:12,Auto Top-Up by *8847,500.00,0.00,BGN,COMPLETED,635.43
CARD_PAYMENT,Current,2021-12-27 17:37:08,2021-12-29 04:03:13,MAX MARK,-31.92,0.00,BGN,COMPLETED,603.51
CARD_PAYMENT,Current,2021-12-28 02:18:32,2021-12-29 16:27:59,Apple,-13.99,0.00,BGN,COMPLETED,589.52
CARD_PAYMENT,Current,2021-12-28 01:13:04,2021-12-29 16:27:59,Apple,-9.99,0.00,BGN,COMPLETED,579.53
CARD_PAYMENT,Current,2021-12-28 17:53:57,2021-12-29 18:56:45,MAX MARK,-16.51,0.00,BGN,COMPLETED,563.02
CARD_PAYMENT,Current,2021-12-30 09:57:07,2021-12-30 14:07:55,HBO Max,-7.81,0.00,BGN,COMPLETED,555.21
CARD_PAYMENT,Current,2021-12-29 17:51:13,2021-12-30 18:59:02,MAX MARK,-76.85,0.00,BGN,COMPLETED,478.36
CARD_PAYMENT,Current,2021-12-29 18:00:05,2021-12-30 18:59:02,Maxmark Kasa Iv,-11.53,0.00,BGN,COMPLETED,466.83
TOPUP,Current,2021-12-31 11:02:44,2021-12-31 11:02:59,Top-Up by *8847,500.00,0.00,BGN,COMPLETED,966.83
CARD_PAYMENT,Current,2021-12-30 18:21:54,2021-12-31 18:55:29,MAX MARK,-32.01,0.00,BGN,COMPLETED,934.82
CARD_PAYMENT,Current,2021-12-30 14:30:37,2021-12-31 18:55:29,MAX MARK,-1.99,0.00,BGN,COMPLETED,932.83
CARD_PAYMENT,Current,2022-01-01 13:21:40,2022-01-02 13:54:46,Apple,-9.99,0.00,BGN,COMPLETED,922.84
CARD_PAYMENT,Current,2022-01-01 20:31:58,2022-01-03 16:07:49,Apple,-1.99,0.00,BGN,COMPLETED,920.85
CARD_PAYMENT,Current,2021-12-31 12:55:16,2022-01-04 04:15:22,MAX MARK,-204.76,0.00,BGN,COMPLETED,716.09
CARD_PAYMENT,Current,2021-12-29 20:08:33,2022-01-04 07:15:58,Amazon,-294.44,0.00,BGN,COMPLETED,421.65
CARD_PAYMENT,Current,2022-01-03 14:28:36,2022-01-04 14:14:20,Apteka Salviya,-31.30,0.00,BGN,COMPLETED,390.35
CARD_PAYMENT,Current,2022-01-03 06:27:03,2022-01-04 16:10:40,Apple,-12.99,0.00,BGN,COMPLETED,377.36
CARD_PAYMENT,Current,2022-01-03 17:25:45,2022-01-04 18:57:44,MAX MARK,-46.03,0.00,BGN,COMPLETED,331.33
CARD_PAYMENT,Current,2021-12-31 12:31:36,2022-01-04 18:59:57,Maks Mark,-6.61,0.00,BGN,COMPLETED,324.72
CARD_PAYMENT,Current,2022-01-04 17:49:37,2022-01-05 18:15:52,MAX MARK,-30.96,0.00,BGN,COMPLETED,293.76
CARD_REFUND,Current,2022-01-06 02:00:00,2022-01-06 16:10:31,Apple,12.99,0.00,BGN,COMPLETED,306.75
CARD_PAYMENT,Current,2022-01-05 17:41:14,2022-01-06 18:54:26,MAX MARK,-36.00,0.00,BGN,COMPLETED,270.75
CARD_PAYMENT,Current,2022-01-05 17:53:40,2022-01-06 18:54:26,MAX MARK,-42.52,0.00,BGN,COMPLETED,228.23
CARD_PAYMENT,Current,2022-01-06 17:45:19,2022-01-07 19:28:11,MAX MARK,-23.13,0.00,BGN,COMPLETED,205.10
CARD_PAYMENT,Current,2022-01-06 17:37:07,2022-01-07 19:28:11,MAX MARK,-49.50,0.00,BGN,COMPLETED,155.60
TOPUP,Current,2022-01-07 21:01:58,2022-01-07 21:02:02,Auto Top-Up by *8847,500.00,0.00,BGN,COMPLETED,655.60
CARD_PAYMENT,Current,2022-01-09 11:33:34,2022-01-10 17:58:10,Apple,-10.99,0.00,BGN,COMPLETED,644.61
CARD_PAYMENT,Current,2022-01-08 13:21:17,2022-01-10 19:49:33,Max Mark Kasa 2,-38.53,0.00,BGN,COMPLETED,606.08
CARD_PAYMENT,Current,2022-01-07 18:36:39,2022-01-10 19:49:33,MAX MARK,-36.90,0.00,BGN,COMPLETED,569.18
CARD_PAYMENT,Current,2022-01-09 16:24:16,2022-01-11 04:33:19,Apple,-6.49,0.00,BGN,COMPLETED,562.69
CARD_PAYMENT,Current,2022-01-10 17:56:37,2022-01-11 18:09:04,M N Non Stop,-18.49,0.00,BGN,COMPLETED,544.20
CARD_PAYMENT,Current,2022-01-10 17:45:05,2022-01-11 18:09:04,MAX MARK,-22.25,0.00,BGN,COMPLETED,521.95
CARD_PAYMENT,Current,2022-01-11 13:40:59,2022-01-12 03:34:40,Google,-39.99,0.00,BGN,COMPLETED,481.96
TOPUP,Current,2022-01-12 12:59:42,2022-01-12 12:59:44,Auto Top-Up by *8847,500.00,0.00,BGN,COMPLETED,981.96
CARD_PAYMENT,Current,2022-01-11 17:51:21,2022-01-12 18:00:41,Maxmark Kasa Iv,-23.87,0.00,BGN,COMPLETED,958.09
CARD_PAYMENT,Current,2022-01-11 17:40:50,2022-01-12 18:00:41,MAX MARK,-69.00,0.00,BGN,COMPLETED,889.09
CARD_PAYMENT,Current,2022-01-12 17:08:51,2022-01-13 13:12:17,Maks Mark,-8.01,0.00,BGN,COMPLETED,881.08
CARD_PAYMENT,Current,2022-01-12 15:41:40,2022-01-13 14:14:12,Apteka Salviya,-9.00,0.00,BGN,COMPLETED,872.08
CARD_PAYMENT,Current,2022-01-12 13:08:51,2022-01-13 14:14:12,Apteka Salviya,-28.35,0.00,BGN,COMPLETED,843.73
CARD_PAYMENT,Current,2022-01-12 12:59:41,2022-01-13 19:48:09,LUKOIL,-133.53,0.00,BGN,COMPLETED,710.20
CARD_PAYMENT,Current,2022-01-12 18:12:11,2022-01-13 19:48:09,MAX MARK,-0.12,0.00,BGN,COMPLETED,710.08
CARD_PAYMENT,Current,2022-01-12 04:13:58,2022-01-14 03:43:07,Apple Store,-146.77,0.00,BGN,COMPLETED,563.31
CARD_PAYMENT,Current,2022-01-14 20:36:18,2022-01-15 04:37:46,Google,-39.99,0.00,BGN,COMPLETED,523.32
CARD_PAYMENT,Current,2022-01-14 16:31:13,2022-01-17 20:22:52,MAX MARK,-19.50,0.00,BGN,COMPLETED,503.82
CARD_PAYMENT,Current,2022-01-15 13:31:18,2022-01-17 20:22:52,Maxmark Kasa Iv,-37.88,0.00,BGN,COMPLETED,465.94
CARD_PAYMENT,Current,2022-01-14 17:52:25,2022-01-17 20:22:52,Maxmark Kasa Iv,-40.65,0.00,BGN,COMPLETED,425.29
CARD_PAYMENT,Current,2022-01-17 18:00:35,2022-01-18 18:28:39,MAX MARK,-31.48,0.00,BGN,COMPLETED,393.81
CARD_PAYMENT,Current,2022-01-18 17:58:11,2022-01-19 19:49:04,MAX MARK,-34.32,0.00,BGN,COMPLETED,359.49
CARD_PAYMENT,Current,2022-01-18 08:34:01,2022-01-19 19:53:49,A1.bg,-97.00,0.00,BGN,COMPLETED,262.49
TOPUP,Current,2022-01-20 15:59:21,2022-01-20 15:59:41,Top-Up by *8847,500.00,0.00,BGN,COMPLETED,762.49
CARD_PAYMENT,Current,2022-01-19 18:05:37,2022-01-20 17:37:10,MAX MARK,-28.83,0.00,BGN,COMPLETED,733.66
CARD_PAYMENT,Current,2022-01-19 16:51:11,2022-01-20 17:37:10,MAX MARK,-19.50,0.00,BGN,COMPLETED,714.16
CARD_PAYMENT,Current,2022-01-20 11:15:52,2022-01-21 03:44:05,Apple,-18.99,0.00,BGN,COMPLETED,695.17
CARD_PAYMENT,Current,2022-01-20 18:05:35,2022-01-21 19:49:08,Max Mark,-24.74,0.00,BGN,COMPLETED,670.43
CARD_PAYMENT,Current,2022-01-24 09:55:07,2022-01-24 16:37:15,PlayStation,-7.40,0.00,BGN,COMPLETED,663.03
CARD_PAYMENT,Current,2022-01-23 18:39:41,2022-01-24 20:22:42,Adobe,-23.46,0.23,BGN,COMPLETED,639.34
CARD_PAYMENT,Current,2022-01-22 13:23:52,2022-01-24 20:24:41,Maxmark Kasa Iv,-48.85,0.00,BGN,COMPLETED,590.49
CARD_PAYMENT,Current,2022-01-21 17:49:58,2022-01-24 20:24:41,Maxmark Kasa Iv,-28.57,0.00,BGN,COMPLETED,561.92
CARD_PAYMENT,Current,2022-01-24 18:06:46,2022-01-25 19:33:52,Max Mark,-29.82,0.00,BGN,COMPLETED,532.10
CARD_PAYMENT,Current,2022-01-25 18:22:15,2022-01-26 18:31:15,Max Mark,-2.75,0.00,BGN,COMPLETED,529.35
CARD_PAYMENT,Current,2022-01-25 15:16:42,2022-01-26 18:31:15,MAX MARK,-19.50,0.00,BGN,COMPLETED,509.85
CARD_PAYMENT,Current,2022-01-25 18:20:09,2022-01-26 18:31:15,Maxmark Kasa Iv,-31.07,0.00,BGN,COMPLETED,478.78
CARD_PAYMENT,Current,2022-01-26 18:20:38,2022-01-27 12:42:24,Maks Mark,-19.34,0.00,BGN,COMPLETED,459.44
CARD_PAYMENT,Current,2022-01-26 18:29:16,2022-01-27 21:02:30,Maxmark Kasa Iv,-21.15,0.00,BGN,COMPLETED,438.29
CARD_PAYMENT,Current,2022-01-26 13:17:08,2022-01-27 21:02:30,MAX MARK,-4.95,0.00,BGN,COMPLETED,433.34
CARD_PAYMENT,Current,2022-01-28 01:16:00,2022-01-28 16:53:10,Apple,-9.99,0.00,BGN,COMPLETED,423.35
CARD_PAYMENT,Current,2022-01-27 18:23:15,2022-01-28 17:33:53,MAX MARK,-9.31,0.00,BGN,COMPLETED,414.04
CARD_PAYMENT,Current,2022-01-28 02:18:19,2022-01-29 19:59:01,Apple,-13.99,0.00,BGN,COMPLETED,400.05
CARD_PAYMENT,Current,2022-01-30 10:10:54,2022-01-31 22:32:25,HBO Max,-7.81,0.08,BGN,COMPLETED,392.16
CARD_PAYMENT,Current,2022-01-29 17:47:21,2022-01-31 23:01:40,Apple,-4.99,0.00,BGN,COMPLETED,387.17
CARD_PAYMENT,Current,2022-01-30 18:11:39,2022-02-01 00:55:29,PlayStation,-119.00,0.00,BGN,COMPLETED,268.17
CARD_PAYMENT,Current,2022-01-28 18:36:12,2022-02-01 13:22:28,Maxmark Kasa Iv,-28.53,0.00,BGN,COMPLETED,239.64
CARD_PAYMENT,Current,2022-01-29 13:30:33,2022-02-01 13:22:28,MAX MARK,-40.13,0.00,BGN,COMPLETED,199.51
CARD_PAYMENT,Current,2022-01-31 18:05:51,2022-02-01 16:48:50,PlayStation,-35.90,0.00,BGN,COMPLETED,163.61
CARD_PAYMENT,Current,2022-01-31 15:56:03,2022-02-01 22:32:04,Maks Mark,-17.36,0.00,BGN,COMPLETED,146.25
CARD_PAYMENT,Current,2022-01-31 16:09:38,2022-02-02 03:30:09,Maxmark Kasa Iv,-30.34,0.00,BGN,COMPLETED,115.91
CARD_PAYMENT,Current,2022-01-31 17:53:08,2022-02-02 03:33:48,Apple,-6.99,0.00,BGN,COMPLETED,108.92
CARD_PAYMENT,Current,2022-02-01 20:01:54,2022-02-02 07:29:28,PlayStation,-14.90,0.00,BGN,COMPLETED,94.02
TOPUP,Current,2022-02-02 17:41:24,2022-02-02 17:41:41,Top-Up by *8847,500.00,0.00,BGN,COMPLETED,594.02
CARD_PAYMENT,Current,2022-02-01 18:06:27,2022-02-02 20:56:19,MAX MARK,-35.81,0.00,BGN,COMPLETED,558.21
CARD_PAYMENT,Current,2022-02-01 13:23:15,2022-02-02 23:15:26,Apple,-9.99,0.00,BGN,COMPLETED,548.22
CARD_PAYMENT,Current,2022-02-02 17:35:52,2022-02-03 22:42:52,MAX MARK,-28.12,0.00,BGN,COMPLETED,520.10
CARD_PAYMENT,Current,2022-02-02 17:44:53,2022-02-03 22:45:04,LUKOIL,-133.58,0.00,BGN,COMPLETED,386.52
CARD_PAYMENT,Current,2022-02-03 19:39:14,2022-02-04 04:18:15,PlayStation,-14.90,0.00,BGN,COMPLETED,371.62
CARD_PAYMENT,Current,2022-02-03 18:10:08,2022-02-04 23:15:13,MAX MARK,-17.00,0.00,BGN,COMPLETED,354.62
CARD_PAYMENT,Current,2022-02-05 13:25:45,2022-02-08 21:22:17,Maxmark Kasa Iv,-61.78,0.00,BGN,COMPLETED,292.84
CARD_PAYMENT,Current,2022-02-04 18:12:58,2022-02-08 21:22:17,Maxmark Kasa Iv,-5.70,0.00,BGN,COMPLETED,287.14
CARD_PAYMENT,Current,2022-02-07 17:56:49,2022-02-09 09:21:57,Maxmark Kasa Iv,-53.37,0.00,BGN,COMPLETED,233.77
CARD_PAYMENT,Current,2022-02-08 18:05:38,2022-02-09 21:51:49,Maks Mark,-2.33,0.00,BGN,COMPLETED,231.44
CARD_PAYMENT,Current,2022-02-10 18:15:12,2022-02-12 04:05:55,Max Mark,-39.42,0.00,BGN,COMPLETED,192.02
CARD_PAYMENT,Current,2022-02-08 18:17:12,2022-02-12 04:05:55,MAX MARK,-36.53,0.00,BGN,COMPLETED,155.49
CARD_PAYMENT,Current,2022-02-09 18:45:25,2022-02-12 04:05:55,Maxmark Kasa Iv,-33.90,0.00,BGN,COMPLETED,121.59
TOPUP,Current,2022-02-12 12:34:43,2022-02-12 12:34:57,Top-Up by *8847,500.00,0.00,BGN,COMPLETED,621.59
CARD_PAYMENT,Current,2022-02-12 14:29:35,2022-02-13 18:48:17,3130 Ccc Mol V.tarnovo,-25.81,0.00,BGN,COMPLETED,595.78
CARD_PAYMENT,Current,2022-02-12 14:01:21,2022-02-14 16:27:24,Hippoland V.t.,-53.98,0.00,BGN,COMPLETED,541.80
CARD_PAYMENT,Current,2022-02-11 18:19:24,2022-02-14 23:32:10,Max Mark Kasa 2,-17.18,0.00,BGN,COMPLETED,524.62
CARD_PAYMENT,Current,2022-02-13 15:39:06,2022-02-14 23:32:10,Maxmark Kasa Iv,-47.79,0.00,BGN,COMPLETED,476.83
CARD_PAYMENT,Current,2022-02-14 12:53:33,2022-02-15 15:37:20,Apteka Salviya,-48.90,0.00,BGN,COMPLETED,427.93
CARD_PAYMENT,Current,2022-02-14 18:09:14,2022-02-15 22:22:55,MAX MARK,-33.35,0.00,BGN,COMPLETED,394.58
CARD_PAYMENT,Current,2022-02-15 18:00:02,2022-02-17 02:21:45,Max Mark,-33.26,0.00,BGN,COMPLETED,361.32
CARD_PAYMENT,Current,2022-02-16 18:31:39,2022-02-17 20:55:59,Max Mark Kasa 2,-39.17,0.00,BGN,COMPLETED,322.15
CARD_PAYMENT,Current,2022-02-17 18:21:08,2022-02-18 23:19:41,Maxmark Kasa Iv,-15.29,0.00,BGN,COMPLETED,306.86
CARD_PAYMENT,Current,2022-02-20 20:11:17,2022-02-21 03:48:44,PlayStation,-14.90,0.00,BGN,COMPLETED,291.96
CARD_PAYMENT,Current,2022-02-20 11:14:33,2022-02-21 06:21:52,Apple,-18.99,0.00,BGN,COMPLETED,272.97
CARD_PAYMENT,Current,2022-02-20 10:26:14,2022-02-21 14:54:11,Apple,-6.49,0.00,BGN,COMPLETED,266.48
CARD_PAYMENT,Current,2022-02-18 17:53:20,2022-02-21 17:00:29,Max Mark Kasa 2,-27.30,0.00,BGN,COMPLETED,239.18
CARD_PAYMENT,Current,2022-02-21 17:51:27,2022-02-22 19:19:39,Max Mark Kasa 3,-12.07,0.00,BGN,COMPLETED,227.11
CARD_PAYMENT,Current,2022-02-22 18:03:35,2022-02-23 17:30:29,Max Mark Kasa 3,-33.30,0.00,BGN,COMPLETED,193.81
CARD_PAYMENT,Current,2022-02-22 17:54:07,2022-02-23 17:30:29,Max Mark Kasa 7,-5.50,0.00,BGN,COMPLETED,188.31
CARD_PAYMENT,Current,2022-02-24 09:50:22,2022-02-24 12:55:14,PlayStation,-7.40,0.00,BGN,COMPLETED,180.91
CARD_PAYMENT,Current,2022-02-23 16:02:20,2022-02-24 16:59:18,Adobe,-23.47,0.00,BGN,COMPLETED,157.44
CARD_PAYMENT,Current,2022-02-23 18:25:17,2022-02-24 17:00:24,Max Mark Kasa 2,-32.74,0.00,BGN,COMPLETED,124.70
CARD_PAYMENT,Current,2022-02-24 18:16:41,2022-02-25 17:08:21,MAX MARK,-14.33,0.00,BGN,COMPLETED,110.37
TOPUP,Current,2022-02-26 13:08:49,2022-02-26 13:09:04,Top-Up by *8847,500.00,0.00,BGN,COMPLETED,610.37
CARD_PAYMENT,Current,2022-02-27 10:40:06,2022-02-27 17:34:37,PlayStation,-39.90,0.00,BGN,COMPLETED,570.47
CARD_PAYMENT,Current,2022-02-25 16:13:30,2022-02-28 16:58:50,MAX MARK,-19.50,0.00,BGN,COMPLETED,550.97
CARD_PAYMENT,Current,2022-02-26 13:16:13,2022-02-28 16:58:51,Maxmark Kasa Iv,-43.32,0.00,BGN,COMPLETED,507.65
CARD_PAYMENT,Current,2022-02-25 18:46:59,2022-02-28 16:58:51,Maxmark Kasa Iv,-32.13,0.00,BGN,COMPLETED,475.52
CARD_PAYMENT,Current,2022-02-28 09:19:29,2022-02-28 17:32:21,HBO Max,-7.76,0.00,BGN,COMPLETED,467.76
CARD_PAYMENT,Current,2022-02-28 02:21:51,2022-03-01 17:07:32,Apple,-13.99,0.00,BGN,COMPLETED,453.77
CARD_PAYMENT,Current,2022-02-28 01:13:06,2022-03-01 17:07:32,Apple,-9.99,0.00,BGN,COMPLETED,443.78
CARD_PAYMENT,Current,2022-02-28 18:00:33,2022-03-02 03:47:59,Maxmark Kasa Iv,-17.40,0.00,BGN,COMPLETED,426.38
CARD_PAYMENT,Current,2022-03-01 14:34:47,2022-03-02 17:27:59,Maxmark Kasa Iv,-4.46,0.00,BGN,COMPLETED,421.92
CARD_PAYMENT,Current,2022-03-01 18:10:44,2022-03-02 17:27:59,MAX MARK,-19.50,0.00,BGN,COMPLETED,402.42
CARD_PAYMENT,Current,2022-03-01 18:18:45,2022-03-02 17:27:59,Maxmark Kasa Iv,-22.70,0.00,BGN,COMPLETED,379.72
CARD_PAYMENT,Current,2022-03-01 13:24:54,2022-03-03 16:52:04,Apple,-9.99,0.00,BGN,COMPLETED,369.73
CARD_PAYMENT,Current,2022-03-02 18:27:22,2022-03-04 03:46:04,Maxmark Kasa Iv,-55.21,0.00,BGN,COMPLETED,314.52
CARD_PAYMENT,Current,2022-03-03 17:57:35,2022-03-04 17:27:19,Maxmark Kasa Iv,-5.41,0.00,BGN,COMPLETED,309.11
CARD_PAYMENT,Current,2022-03-05 13:10:12,2022-03-07 17:03:56,Max Mark,-41.49,0.00,BGN,COMPLETED,267.62
CARD_PAYMENT,Current,2022-03-05 13:11:32,2022-03-07 17:03:56,MAX MARK,-19.50,0.00,BGN,COMPLETED,248.12
CARD_PAYMENT,Current,2022-03-04 17:59:53,2022-03-07 17:03:56,MAX MARK,-26.77,0.00,BGN,COMPLETED,221.35
CARD_PAYMENT,Current,2022-03-05 13:21:44,2022-03-07 17:03:56,LUKOIL,-127.65,0.00,BGN,COMPLETED,93.70
CARD_PAYMENT,Current,2022-03-07 17:19:34,2022-03-08 18:15:48,Maxmark Kasa Iv,-29.23,0.00,BGN,COMPLETED,64.47
CARD_PAYMENT,Current,2022-03-07 13:43:10,2022-03-08 18:15:48,Max Mark Kasa 2,-2.13,0.00,BGN,COMPLETED,62.34
CARD_PAYMENT,Current,2022-03-07 17:00:09,2022-03-08 18:15:48,MAX MARK,-6.50,0.00,BGN,COMPLETED,55.84
CARD_PAYMENT,Current,2022-03-08 16:11:12,2022-03-09 17:29:12,Maxmark Kasa Iv,-4.25,0.00,BGN,COMPLETED,51.59
CARD_PAYMENT,Current,2022-03-08 14:27:00,2022-03-09 17:29:12,MAX MARK,-2.29,0.00,BGN,COMPLETED,49.30
TOPUP,Current,2022-03-10 12:27:37,2022-03-10 12:28:02,Top-Up by *8847,500.00,0.00,BGN,COMPLETED,549.30
CARD_PAYMENT,Current,2022-03-09 19:11:29,2022-03-10 20:16:42,MAX MARK,-22.32,0.00,BGN,COMPLETED,526.98
CARD_PAYMENT,Current,2022-03-10 12:28:52,2022-03-11 15:06:05,Apteka Salviya,-65.75,0.00,BGN,COMPLETED,461.23
CARD_PAYMENT,Current,2022-03-10 16:40:04,2022-03-11 19:33:50,Maxmark Kasa Iv,-25.89,0.00,BGN,COMPLETED,435.34
CARD_PAYMENT,Current,2022-03-10 16:29:15,2022-03-11 19:33:50,MAX MARK,-2.19,0.00,BGN,COMPLETED,433.15
CARD_PAYMENT,Current,2022-03-10 16:28:50,2022-03-11 19:33:50,MAX MARK,-19.50,0.00,BGN,COMPLETED,413.65
CARD_PAYMENT,Current,2022-03-12 15:30:22,2022-03-14 16:09:43,MAX MARK,-33.60,0.00,BGN,COMPLETED,380.05
CARD_PAYMENT,Current,2022-03-11 16:20:41,2022-03-14 16:09:43,MAX MARK,-65.56,0.00,BGN,COMPLETED,314.49
CARD_PAYMENT,Current,2022-03-14 15:28:21,2022-03-15 16:32:52,Max Mark Kasa 2,-32.67,0.00,BGN,COMPLETED,281.82
CARD_PAYMENT,Current,2022-03-15 14:51:32,2022-03-17 03:02:28,MAX MARK,-22.19,0.00,BGN,COMPLETED,259.63
CARD_PAYMENT,Current,2022-03-15 14:49:28,2022-03-17 03:02:28,Max Mark,-21.50,0.00,BGN,COMPLETED,238.13
CARD_PAYMENT,Current,2022-03-16 15:59:02,2022-03-17 17:46:49,MAX MARK,-37.50,0.00,BGN,COMPLETED,200.63
CARD_PAYMENT,Current,2022-03-17 15:17:11,2022-03-18 14:12:06,Apteka Salviya,-38.60,0.00,BGN,COMPLETED,162.03
CARD_PAYMENT,Current,2022-03-17 15:34:55,2022-03-18 17:52:41,Maxmark Kasa Iv,-24.54,0.00,BGN,COMPLETED,137.49
TOPUP,Current,2022-03-19 13:21:41,2022-03-19 13:22:12,Top-Up by *8847,500.00,0.00,BGN,COMPLETED,637.49
CARD_PAYMENT,Current,2022-03-20 10:13:38,2022-03-21 02:40:00,Apple,-18.99,0.00,BGN,COMPLETED,618.50
CARD_PAYMENT,Current,2022-03-19 13:49:32,2022-03-22 03:34:22,Maxmark Kasa Iv,-50.76,0.00,BGN,COMPLETED,567.74
CARD_PAYMENT,Current,2022-03-18 16:43:12,2022-03-22 03:34:22,Max Mark Kasa 2,-29.30,0.00,BGN,COMPLETED,538.44
CARD_PAYMENT,Current,2022-03-21 16:13:48,2022-03-23 02:42:08,MAX MARK,-19.50,0.00,BGN,COMPLETED,518.94
CARD_PAYMENT,Current,2022-03-21 17:52:45,2022-03-23 02:42:08,Max Mark,-28.98,0.00,BGN,COMPLETED,489.96
CARD_PAYMENT,Current,2022-03-22 18:03:54,2022-03-23 16:07:19,Maxmark Kasa Iv,-14.25,0.00,BGN,COMPLETED,475.71
CARD_PAYMENT,Current,2022-03-23 19:38:26,2022-03-24 15:57:50,Adobe,-23.48,0.00,BGN,COMPLETED,452.23
CARD_PAYMENT,Current,2022-03-23 17:55:36,2022-03-24 16:01:09,Maxmark Kasa Iv,-26.78,0.00,BGN,COMPLETED,425.45
CARD_PAYMENT,Current,2022-03-24 09:50:24,2022-03-24 16:34:13,PlayStation,-7.40,0.00,BGN,COMPLETED,418.05
CARD_PAYMENT,Current,2022-03-24 10:06:17,2022-03-25 13:47:13,Apteka Salviya,-32.87,0.00,BGN,COMPLETED,385.18
CARD_PAYMENT,Current,2022-03-24 17:39:41,2022-03-25 16:47:25,Max Mark Kasa 2,-25.23,0.00,BGN,COMPLETED,359.95
CARD_PAYMENT,Current,2022-03-26 18:24:25,2022-03-27 04:09:11,PlayStation,-14.90,0.00,BGN,COMPLETED,345.05
CARD_PAYMENT,Current,2022-03-26 15:53:27,2022-03-27 04:09:12,PlayStation,-14.90,0.00,BGN,COMPLETED,330.15
CARD_PAYMENT,Current,2022-03-28 05:19:40,2022-03-28 14:37:06,HBO Max,-6.45,0.00,BGN,COMPLETED,323.70
CARD_PAYMENT,Current,2022-03-26 14:19:29,2022-03-28 18:27:40,MAX MARK,-49.10,0.00,BGN,COMPLETED,274.60
CARD_PAYMENT,Current,2022-03-25 18:00:09,2022-03-28 18:27:40,Maxmark Kasa Iv,-29.10,0.00,BGN,COMPLETED,245.50
CARD_PAYMENT,Current,2022-03-26 14:25:59,2022-03-28 18:27:40,MAX MARK,-19.50,0.00,BGN,COMPLETED,226.00
CARD_PAYMENT,Current,2022-03-26 14:27:38,2022-03-28 18:27:40,MAX MARK,-2.38,0.00,BGN,COMPLETED,223.62
CARD_PAYMENT,Current,2022-03-28 01:13:08,2022-03-28 18:38:17,Apple,-9.99,0.00,BGN,COMPLETED,213.63
TOPUP,Current,2022-03-29 17:41:52,2022-03-29 17:41:56,Auto Top-Up by *8847,500.00,0.00,BGN,COMPLETED,713.63
CARD_PAYMENT,Current,2022-03-28 02:20:51,2022-03-29 18:46:04,Apple,-13.99,0.00,BGN,COMPLETED,699.64
CARD_PAYMENT,Current,2022-03-28 17:41:35,2022-03-29 19:55:23,Maxmark Kasa Iv,-24.19,0.00,BGN,COMPLETED,675.45
CARD_PAYMENT,Current,2022-03-28 14:05:53,2022-03-29 19:55:23,MAX MARK,-6.50,0.00,BGN,COMPLETED,668.95
CARD_PAYMENT,Current,2022-03-29 15:00:37,2022-03-30 17:10:03,Kaufland,-39.24,0.00,BGN,COMPLETED,629.71
CARD_PAYMENT,Current,2022-03-29 17:41:50,2022-03-30 17:11:51,Max Mark,-20.84,0.00,BGN,COMPLETED,608.87
CARD_PAYMENT,Current,2022-03-30 17:54:51,2022-03-31 18:13:40,MAX MARK,-36.94,0.00,BGN,COMPLETED,571.93
CARD_PAYMENT,Current,2022-03-31 17:53:34,2022-04-01 18:02:47,MAX MARK,-22.63,0.00,BGN,COMPLETED,549.30
CARD_PAYMENT,Current,2022-04-01 13:22:18,2022-04-02 17:09:38,Apple,-9.99,0.00,BGN,COMPLETED,539.31
CARD_PAYMENT,Current,2022-04-02 16:59:28,2022-04-03 16:34:34,Apple,-5.99,0.00,BGN,COMPLETED,533.32
CARD_PAYMENT,Current,2022-04-02 13:20:52,2022-04-04 20:52:46,Maxmark Kasa Iv,-77.47,0.00,BGN,COMPLETED,455.85
CARD_PAYMENT,Current,2022-04-01 17:29:43,2022-04-04 20:52:46,MAX MARK,-40.22,0.00,BGN,COMPLETED,415.63
CARD_PAYMENT,Current,2022-04-02 13:07:48,2022-04-04 20:52:46,MAX MARK,-21.19,0.00,BGN,COMPLETED,394.44
CARD_PAYMENT,Current,2022-04-02 13:29:32,2022-04-04 20:54:02,LUKOIL,-151.30,0.00,BGN,COMPLETED,243.14
CARD_PAYMENT,Current,2022-04-04 15:24:01,2022-04-05 15:40:17,Apteka Salviya,-26.93,0.00,BGN,COMPLETED,216.21
CARD_PAYMENT,Current,2022-04-04 18:06:31,2022-04-05 17:40:47,MAX MARK,-31.18,0.00,BGN,COMPLETED,185.03
CARD_PAYMENT,Current,2022-04-05 12:59:50,2022-04-06 11:55:57,Rubia,-39.00,0.00,BGN,COMPLETED,146.03
CARD_PAYMENT,Current,2022-04-05 13:03:56,2022-04-06 14:48:38,Apteka Salviya,-9.80,0.00,BGN,COMPLETED,136.23
CARD_PAYMENT,Current,2022-04-05 18:05:31,2022-04-06 17:15:55,Maxmark Kasa Iv,-35.08,0.00,BGN,COMPLETED,101.15
CARD_PAYMENT,Current,2022-04-06 18:08:20,2022-04-07 20:26:41,Max Mark,-17.75,0.00,BGN,COMPLETED,83.40
TOPUP,Current,2022-04-08 17:39:59,2022-04-08 17:40:29,Top-Up by *8847,500.00,0.00,BGN,COMPLETED,583.40
CARD_PAYMENT,Current,2022-04-07 16:03:43,2022-04-08 18:48:36,MAX MARK,-26.00,0.00,BGN,COMPLETED,557.40
CARD_PAYMENT,Current,2022-04-07 18:22:47,2022-04-08 18:48:36,Maxmark Kasa Iv,-28.36,0.00,BGN,COMPLETED,529.04
CARD_PAYMENT,Current,2022-04-09 15:52:09,2022-04-10 06:47:04,PlayStation,-7.49,0.00,BGN,COMPLETED,521.55
CARD_PAYMENT,Current,2022-04-08 17:45:09,2022-04-11 14:49:05,Juppi,-48.38,0.00,BGN,COMPLETED,473.17
CARD_PAYMENT,Current,2022-04-09 13:45:53,2022-04-12 01:09:38,MAX MARK,-85.98,0.00,BGN,COMPLETED,387.19
CARD_PAYMENT,Current,2022-04-11 14:58:33,2022-04-12 13:06:52,Rubia,-39.00,0.00,BGN,COMPLETED,348.19
CARD_PAYMENT,Current,2022-04-11 17:35:41,2022-04-12 19:28:07,Max Mark Kasa 2,-24.86,0.00,BGN,COMPLETED,323.33
CARD_PAYMENT,Current,2022-04-12 18:00:26,2022-04-13 18:39:22,Maxmark Kasa Iv,-43.46,0.00,BGN,COMPLETED,279.87
CARD_PAYMENT,Current,2022-04-13 18:04:11,2022-04-14 17:08:43,MAX MARK,-32.50,0.00,BGN,COMPLETED,247.37
CARD_PAYMENT,Current,2022-04-13 18:11:31,2022-04-14 17:08:43,MAX MARK,-13.45,0.00,BGN,COMPLETED,233.92
CARD_PAYMENT,Current,2022-04-14 17:47:47,2022-04-16 03:44:31,Maxmark Kasa Iv,-29.31,0.00,BGN,COMPLETED,204.61
TOPUP,Current,2022-04-16 13:52:43,2022-04-16 13:53:05,Top-Up by *8847,500.00,0.00,BGN,COMPLETED,704.61
CARD_PAYMENT,Current,2022-04-16 17:13:43,2022-04-17 03:55:40,Apple,-12.99,0.00,BGN,COMPLETED,691.62
CARD_PAYMENT,Current,2022-04-16 16:49:10,2022-04-17 15:03:01,Apple,-12.99,0.00,BGN,COMPLETED,678.63
CARD_PAYMENT,Current,2022-04-16 13:48:14,2022-04-18 17:08:28,MAX MARK,-56.80,0.00,BGN,COMPLETED,621.83
CARD_PAYMENT,Current,2022-04-15 17:48:49,2022-04-18 17:08:29,MAX MARK,-31.68,0.00,BGN,COMPLETED,590.15
CARD_PAYMENT,Current,2022-04-15 13:40:13,2022-04-18 17:08:29,MAX MARK,-6.50,0.00,BGN,COMPLETED,583.65
CARD_PAYMENT,Current,2022-04-18 18:06:15,2022-04-19 16:46:53,MAX MARK,-24.52,0.00,BGN,COMPLETED,559.13
CARD_PAYMENT,Current,2022-04-19 15:06:26,2022-04-20 13:11:27,Rubia,-39.00,0.00,BGN,COMPLETED,520.13
CARD_PAYMENT,Current,2022-04-19 18:50:12,2022-04-20 13:18:52,Juppi,-9.26,0.00,BGN,COMPLETED,510.87
CARD_PAYMENT,Current,2022-04-20 11:14:00,2022-04-21 03:37:09,Apple,-18.99,0.00,BGN,COMPLETED,491.88
CARD_PAYMENT,Current,2022-04-16 11:52:29,2022-04-21 17:23:13,Amazon,-104.52,1.05,BGN,COMPLETED,386.31
CARD_PAYMENT,Current,2022-04-21 14:40:15,2022-04-22 17:22:32,MAX MARK,-63.08,0.00,BGN,COMPLETED,323.23
CARD_PAYMENT,Current,2022-04-21 16:30:09,2022-04-22 17:22:32,MAX MARK,-1.09,0.00,BGN,COMPLETED,322.14
CARD_PAYMENT,Current,2022-04-23 20:57:04,2022-04-24 06:55:44,Apple,-13.99,0.00,BGN,COMPLETED,308.15
CARD_PAYMENT,Current,2022-04-22 16:24:31,2022-04-24 12:58:38,Rubia,-39.00,0.00,BGN,COMPLETED,269.15
CARD_PAYMENT,Current,2022-04-23 18:27:25,2022-04-24 17:00:07,Adobe,-23.50,0.24,BGN,COMPLETED,245.41
CARD_PAYMENT,Current,2022-04-24 10:55:07,2022-04-24 17:01:55,PlayStation,-7.40,0.00,BGN,COMPLETED,238.01
TOPUP,Current,2022-04-26 13:34:36,2022-04-26 13:35:11,Top-Up by *8847,2000.00,0.00,BGN,COMPLETED,2238.01
CARD_PAYMENT,Current,2022-04-21 16:42:46,2022-04-26 13:53:22,Juppi,-6.19,0.00,BGN,COMPLETED,2231.82
CARD_PAYMENT,Current,2022-04-21 16:40:56,2022-04-26 13:53:22,Juppi,-20.52,0.00,BGN,COMPLETED,2211.30
TOPUP,Current,2022-04-26 13:53:49,2022-04-26 13:54:10,Top-Up by *8847,500.00,0.00,BGN,COMPLETED,2711.30
CARD_PAYMENT,Current,2022-04-26 17:38:52,2022-04-27 12:46:50,Maks Mark,-15.99,0.00,BGN,COMPLETED,2695.31
CARD_PAYMENT,Current,2022-04-26 17:45:34,2022-04-27 12:46:50,Juppi,-24.31,0.00,BGN,COMPLETED,2671.00
CARD_PAYMENT,Current,2022-04-26 13:53:36,2022-04-27 12:55:17,Economy Car Rentals,-127.78,0.00,BGN,COMPLETED,2543.22
CARD_PAYMENT,Current,2022-04-26 13:37:22,2022-04-27 13:16:50,Wizz Air,-1859.90,0.00,BGN,COMPLETED,683.32
CARD_PAYMENT,Current,2022-04-22 17:45:44,2022-04-28 04:07:10,MAX MARK,-13.25,0.00,BGN,COMPLETED,670.07
CARD_PAYMENT,Current,2022-04-23 13:42:22,2022-04-28 04:07:10,MAX MARK,-133.51,0.00,BGN,COMPLETED,536.56
CARD_PAYMENT,Current,2022-04-27 19:46:20,2022-04-28 04:23:17,T3w8lebtr2,-29.35,0.00,BGN,COMPLETED,507.21
CARD_PAYMENT,Current,2022-04-28 01:15:31,2022-04-28 06:41:44,Apple,-9.99,0.00,BGN,COMPLETED,497.22
CARD_PAYMENT,Current,2022-04-28 02:18:22,2022-04-28 06:41:44,Apple,-13.99,0.00,BGN,COMPLETED,483.23
CARD_PAYMENT,Current,2022-04-28 07:53:16,2022-04-28 15:51:53,B28see7sr2,-29.36,0.00,BGN,COMPLETED,453.87
CARD_PAYMENT,Current,2022-04-28 11:17:42,2022-04-28 20:04:56,7baj5ebsr2,-19.56,0.00,BGN,COMPLETED,434.31
CARD_PAYMENT,Current,2022-04-26 15:21:06,2022-04-29 03:58:15,MAX MARK,-24.70,0.00,BGN,COMPLETED,409.61
CARD_PAYMENT,Current,2022-04-27 17:36:13,2022-04-29 03:58:15,Maxmark Kasa Iv,-28.27,0.00,BGN,COMPLETED,381.34
CARD_PAYMENT,Current,2022-04-25 14:34:59,2022-04-29 03:58:15,Maxmark Kasa Iv,-16.56,0.00,BGN,COMPLETED,364.78
CARD_PAYMENT,Current,2022-04-27 15:52:47,2022-04-29 03:58:15,MAX MARK,-1.25,0.00,BGN,COMPLETED,363.53
CARD_PAYMENT,Current,2022-04-28 18:18:08,2022-04-29 20:01:37,Maxmark Kasa Iv,-9.22,0.00,BGN,COMPLETED,354.31
CARD_PAYMENT,Current,2022-04-28 18:26:42,2022-04-29 20:03:45,LUKOIL,-163.56,0.00,BGN,COMPLETED,190.75
CARD_PAYMENT,Current,2022-04-29 16:39:04,2022-04-30 15:20:00,Rubia,-63.80,0.00,BGN,COMPLETED,126.95
CARD_PAYMENT,Current,2022-05-01 13:25:55,2022-05-02 04:10:19,Apple,-9.99,0.00,BGN,COMPLETED,116.96
TOPUP,Current,2022-05-02 09:08:19,2022-05-02 09:09:25,Top-Up by *8847,500.00,0.00,BGN,COMPLETED,616.96
CARD_PAYMENT,Current,2022-05-02 10:18:06,2022-05-03 02:10:41,Gvdaaetsr2,-58.78,0.00,BGN,COMPLETED,558.18
CARD_PAYMENT,Current,2022-04-29 18:01:29,2022-05-03 04:17:17,MAX MARK,-33.76,0.00,BGN,COMPLETED,524.42
CARD_PAYMENT,Current,2022-04-30 13:49:31,2022-05-03 04:17:17,MAX MARK,-2.78,0.00,BGN,COMPLETED,521.64
CARD_PAYMENT,Current,2022-04-30 13:43:29,2022-05-03 04:17:17,Maxmark Kasa Iv,-46.68,0.00,BGN,COMPLETED,474.96
CARD_PAYMENT,Current,2022-05-03 11:47:04,2022-05-03 23:18:44,V8vxteksr2,-48.93,0.00,BGN,COMPLETED,426.03
CARD_PAYMENT,Current,2022-05-02 17:41:20,2022-05-04 04:09:52,Juppi,-16.97,0.00,BGN,COMPLETED,409.06
CARD_PAYMENT,Current,2022-05-03 16:14:10,2022-05-04 22:05:24,MAX MARK,-19.50,0.00,BGN,COMPLETED,389.56
CARD_PAYMENT,Current,2022-05-03 17:51:48,2022-05-04 22:05:24,Maxmark Kasa Iv,-25.82,0.00,BGN,COMPLETED,363.74
CARD_PAYMENT,Current,2022-05-04 17:59:41,2022-05-05 16:26:00,Juppi,-15.77,0.00,BGN,COMPLETED,347.97
CARD_PAYMENT,Current,2022-05-05 17:50:36,2022-05-07 00:03:12,Maxmark Kasa Iv,-16.32,0.00,BGN,COMPLETED,331.65
CARD_PAYMENT,Current,2022-05-08 10:23:27,2022-05-09 00:11:23,Mmmuge3tr2,-39.14,0.39,BGN,COMPLETED,292.12
CARD_PAYMENT,Current,2022-05-06 14:29:11,2022-05-09 17:26:21,Rubia,-39.00,0.00,BGN,COMPLETED,253.12
CARD_PAYMENT,Current,2022-05-06 14:30:41,2022-05-10 01:09:19,MAX MARK,-19.50,0.00,BGN,COMPLETED,233.62
CARD_PAYMENT,Current,2022-05-07 13:49:55,2022-05-10 01:09:19,Maxmark Kasa Iv,-52.62,0.00,BGN,COMPLETED,181.00
CARD_PAYMENT,Current,2022-05-06 17:49:43,2022-05-10 01:09:19,Max Mark,-12.80,0.00,BGN,COMPLETED,168.20
CARD_PAYMENT,Current,2022-05-08 15:28:52,2022-05-10 01:11:40,Juppi,-45.11,0.00,BGN,COMPLETED,123.09
CARD_PAYMENT,Current,2022-05-09 18:00:31,2022-05-11 01:19:56,MAX MARK,-23.88,0.00,BGN,COMPLETED,99.21
CARD_PAYMENT,Current,2022-05-10 18:08:21,2022-05-11 17:57:43,Juppi,-18.99,0.00,BGN,COMPLETED,80.22
CARD_PAYMENT,Current,2022-05-10 18:00:36,2022-05-11 17:57:43,Maks Mark,-29.61,0.00,BGN,COMPLETED,50.61
CARD_PAYMENT,Current,2022-05-10 17:41:51,2022-05-12 00:28:08,MAX MARK,-19.50,0.00,BGN,COMPLETED,31.11
CARD_PAYMENT,Current,2022-05-10 15:53:05,2022-05-12 00:28:08,Maxmark Kasa Iv,-1.49,0.00,BGN,COMPLETED,29.62
TOPUP,Current,2022-05-12 09:04:39,2022-05-12 09:05:01,Top-Up by *8847,500.00,0.00,BGN,COMPLETED,529.62
TOPUP,Current,2022-05-12 09:59:18,2022-05-12 09:59:33,Top-Up by *8847,500.00,0.00,BGN,COMPLETED,1029.62
CARD_PAYMENT,Current,2022-05-11 15:49:38,2022-05-12 18:35:40,Apteka Salviya,-8.60,0.00,BGN,COMPLETED,1021.02
CARD_PAYMENT,Current,2022-05-12 10:02:38,2022-05-13 03:46:00,PayPal,-538.66,0.00,BGN,COMPLETED,482.36
CARD_PAYMENT,Current,2022-05-12 09:36:43,2022-05-14 03:48:18,Apple Store,-95.98,0.00,BGN,COMPLETED,386.38
CARD_PAYMENT,Current,2022-05-12 18:06:43,2022-05-14 03:57:08,Maxmark Kasa Iv,-15.67,0.00,BGN,COMPLETED,370.71
CARD_PAYMENT,Current,2022-05-12 09:09:10,2022-05-14 04:33:52,Amazon,-72.28,0.00,BGN,COMPLETED,298.43
CARD_PAYMENT,Current,2022-05-13 18:01:01,2022-05-14 22:47:27,Rubia,-39.00,0.00,BGN,COMPLETED,259.43
CARD_PAYMENT,Current,2022-05-14 12:11:44,2022-05-15 03:03:25,Qugdzebtr2,-39.16,0.39,BGN,COMPLETED,219.88
CARD_PAYMENT,Current,2022-05-13 18:18:10,2022-05-17 00:54:29,Juppi,-40.41,0.00,BGN,COMPLETED,179.47
CARD_PAYMENT,Current,2022-05-14 13:59:27,2022-05-17 00:54:29,Juppi,-56.25,0.00,BGN,COMPLETED,123.22
CARD_PAYMENT,Current,2022-05-16 13:57:28,2022-05-18 01:50:27,MAX MARK,-19.50,0.00,BGN,COMPLETED,103.72
CARD_PAYMENT,Current,2022-05-16 17:44:32,2022-05-18 01:50:27,MAX MARK,-53.38,0.00,BGN,COMPLETED,50.34
CARD_PAYMENT,Current,2022-05-16 15:16:34,2022-05-18 03:57:47,Google,-39.99,0.00,BGN,COMPLETED,10.35
TOPUP,Current,2022-05-18 12:51:56,2022-05-18 12:52:22,Top-Up by *8847,500.00,0.00,BGN,COMPLETED,510.35
CARD_PAYMENT,Current,2022-05-18 18:09:14,2022-05-20 05:18:20,Juppi,-22.71,0.00,BGN,COMPLETED,487.64
CARD_PAYMENT,Current,2022-05-19 17:39:36,2022-05-21 10:57:18,Juppi,-25.15,0.00,BGN,COMPLETED,462.49
CARD_PAYMENT,Current,2022-05-20 11:14:02,2022-05-22 00:09:31,Apple,-18.99,0.00,BGN,COMPLETED,443.50
CARD_PAYMENT,Current,2022-05-20 16:45:29,2022-05-22 09:17:56,Rubia,-39.00,0.00,BGN,COMPLETED,404.50
CARD_PAYMENT,Current,2022-05-21 13:21:29,2022-05-24 10:34:47,MAX MARK,-69.50,0.00,BGN,COMPLETED,335.00
CARD_PAYMENT,Current,2022-05-20 17:59:04,2022-05-24 10:34:47,Max Mark Kasa 2,-20.40,0.00,BGN,COMPLETED,314.60
CARD_PAYMENT,Current,2022-05-20 16:46:47,2022-05-24 10:34:47,MAX MARK,-26.00,0.00,BGN,COMPLETED,288.60
CARD_PAYMENT,Current,2022-05-23 12:57:33,2022-05-24 11:38:39,Apple,-13.99,0.00,BGN,COMPLETED,274.61
CARD_PAYMENT,Current,2022-05-23 16:51:34,2022-05-25 01:32:02,Adobe,-23.47,0.00,BGN,COMPLETED,251.14
CARD_PAYMENT,Current,2022-05-23 17:25:22,2022-05-25 01:32:58,MAX MARK,-11.00,0.00,BGN,COMPLETED,240.14
CARD_PAYMENT,Current,2022-05-24 11:07:28,2022-05-25 04:05:43,Amazon,-97.83,0.00,BGN,COMPLETED,142.31
CARD_PAYMENT,Current,2022-05-24 13:22:15,2022-05-25 15:47:20,Maks Mark,-1.69,0.00,BGN,COMPLETED,140.62
CARD_PAYMENT,Current,2022-05-24 17:32:39,2022-05-25 15:47:20,Juppi,-19.63,0.00,BGN,COMPLETED,120.99
CARD_PAYMENT,Current,2022-05-23 17:33:17,2022-05-25 15:47:20,Juppi,-13.66,0.00,BGN,COMPLETED,107.33
CARD_PAYMENT,Current,2022-05-25 17:18:45,2022-05-26 22:20:59,MAX MARK,-19.50,0.00,BGN,COMPLETED,87.83
CARD_PAYMENT,Current,2022-05-25 17:36:46,2022-05-26 22:20:59,MAX MARK,-15.29,0.00,BGN,COMPLETED,72.54
CARD_REFUND,Current,2022-05-27 03:00:00,2022-05-27 03:57:40,Apple,12.99,0.00,BGN,COMPLETED,85.53
TOPUP,Current,2022-05-27 17:30:29,2022-05-27 17:30:46,Top-Up by *8847,500.00,0.00,BGN,COMPLETED,585.53
CARD_PAYMENT,Current,2022-05-26 17:49:09,2022-05-27 18:22:23,Rubia,-39.00,0.00,BGN,COMPLETED,546.53
CARD_PAYMENT,Current,2022-05-26 17:46:05,2022-05-27 18:50:16,Juppi,-10.14,0.00,BGN,COMPLETED,536.39
CARD_PAYMENT,Current,2022-05-28 01:12:51,2022-05-28 06:41:23,Apple,-9.99,0.00,BGN,COMPLETED,526.40
CARD_PAYMENT,Current,2022-05-28 02:18:47,2022-05-28 06:41:23,Apple,-13.99,0.00,BGN,COMPLETED,512.41
CARD_PAYMENT,Current,2022-05-27 17:33:27,2022-05-28 17:22:16,Apteka Salviya,-30.07,0.00,BGN,COMPLETED,482.34
CARD_PAYMENT,Current,2022-05-27 17:46:13,2022-05-30 23:23:18,Max Mark,-42.50,0.00,BGN,COMPLETED,439.84
CARD_PAYMENT,Current,2022-05-28 13:52:43,2022-05-30 23:25:55,Juppi,-46.95,0.00,BGN,COMPLETED,392.89
CARD_PAYMENT,Current,2022-05-30 17:45:19,2022-05-31 23:01:31,Maxmark Kasa Iv,-18.49,0.00,BGN,COMPLETED,374.40
CARD_PAYMENT,Current,2022-05-31 17:50:16,2022-06-01 22:30:31,MAX MARK,-19.50,0.00,BGN,COMPLETED,354.90
CARD_PAYMENT,Current,2022-05-31 18:01:15,2022-06-01 22:30:31,Maxmark Kasa Iv,-17.29,0.00,BGN,COMPLETED,337.61
CARD_PAYMENT,Current,2022-05-31 18:10:37,2022-06-01 22:30:31,LUKOIL,-171.61,0.00,BGN,COMPLETED,166.00
CARD_PAYMENT,Current,2022-06-01 13:23:27,2022-06-02 03:49:58,Apple,-9.99,0.00,BGN,COMPLETED,156.01
CARD_PAYMENT,Current,2022-06-01 18:03:00,2022-06-03 01:24:32,Maxmark Kasa Iv,-33.11,0.00,BGN,COMPLETED,122.90
CARD_PAYMENT,Current,2022-06-02 18:27:40,2022-06-03 15:45:09,Rubia,-39.00,0.00,BGN,COMPLETED,83.90
TOPUP,Current,2022-06-03 16:34:34,2022-06-03 16:34:53,Top-Up by *8847,500.00,0.00,BGN,COMPLETED,583.90
CARD_PAYMENT,Current,2022-06-02 18:24:31,2022-06-03 22:44:47,Max Mark,-21.43,0.00,BGN,COMPLETED,562.47
CARD_PAYMENT,Current,2022-06-05 14:59:57,2022-06-06 04:03:36,PlayStation,-14.90,0.00,BGN,COMPLETED,547.57
CARD_PAYMENT,Current,2022-06-04 13:12:15,2022-06-07 00:07:52,MAX MARK,-19.50,0.00,BGN,COMPLETED,528.07
CARD_PAYMENT,Current,2022-06-04 13:20:57,2022-06-07 00:07:52,Max Mark,-60.08,0.00,BGN,COMPLETED,467.99
CARD_PAYMENT,Current,2022-06-03 16:33:28,2022-06-07 00:10:20,Maks Mark,-6.99,0.00,BGN,COMPLETED,461.00
CARD_PAYMENT,Current,2022-06-03 18:00:15,2022-06-07 00:10:20,Juppi,-19.68,0.00,BGN,COMPLETED,441.32
CARD_PAYMENT,Current,2022-06-06 19:15:49,2022-06-07 04:08:04,PlayStation,-37.40,0.00,BGN,COMPLETED,403.92
CARD_PAYMENT,Current,2022-06-06 17:39:42,2022-06-07 23:13:13,Max Mark,-15.77,0.00,BGN,COMPLETED,388.15
CARD_PAYMENT,Current,2022-06-07 18:03:34,2022-06-08 16:36:59,Juppi,-24.66,0.00,BGN,COMPLETED,363.49
CARD_PAYMENT,Current,2022-06-07 17:58:04,2022-06-08 18:33:29,MAX MARK,-19.50,0.00,BGN,COMPLETED,343.99
CARD_PAYMENT,Current,2022-06-08 17:42:15,2022-06-10 16:28:35,Max Mark Kasa 2,-25.89,0.00,BGN,COMPLETED,318.10
CARD_PAYMENT,Current,2022-06-09 18:02:35,2022-06-11 14:10:43,MAX MARK,-39.03,0.00,BGN,COMPLETED,279.07
TOPUP,Current,2022-06-12 15:31:25,2022-06-12 15:31:41,Top-Up by *8847,500.00,0.00,BGN,COMPLETED,779.07
CARD_PAYMENT,Current,2022-06-12 15:32:11,2022-06-13 06:50:51,Almaenpena,-293.84,2.94,BGN,COMPLETED,482.29
CARD_PAYMENT,Current,2022-06-10 18:05:34,2022-06-14 00:45:13,Maxmark Kasa Iv,-37.49,0.00,BGN,COMPLETED,444.80
CARD_PAYMENT,Current,2022-06-10 17:13:44,2022-06-14 00:45:13,MAX MARK,-19.50,0.00,BGN,COMPLETED,425.30
CARD_PAYMENT,Current,2022-06-11 13:25:16,2022-06-14 00:45:13,Maxmark Kasa Iv,-67.15,0.00,BGN,COMPLETED,358.15
CARD_PAYMENT,Current,2022-06-13 17:59:21,2022-06-15 00:42:47,Max Mark,-12.94,0.00,BGN,COMPLETED,345.21
CARD_PAYMENT,Current,2022-06-14 17:56:02,2022-06-15 16:14:27,Juppi,-10.14,0.00,BGN,COMPLETED,335.07
CARD_PAYMENT,Current,2022-06-15 18:20:38,2022-06-16 17:52:16,Juppi,-16.87,0.00,BGN,COMPLETED,318.20
TOPUP,Current,2022-06-17 17:21:49,2022-06-17 17:22:07,Top-Up by *8847,2000.00,0.00,BGN,COMPLETED,2318.20
CARD_PAYMENT,Current,2022-06-16 19:21:22,2022-06-18 02:10:04,MAX MARK,-3.29,0.00,BGN,COMPLETED,2314.91
CARD_PAYMENT,Current,2022-06-16 14:41:40,2022-06-18 02:10:04,MAX MARK,-6.50,0.00,BGN,COMPLETED,2308.41
CARD_PAYMENT,Current,2022-06-17 20:04:38,2022-06-18 07:21:59,Wizz Air,-20.00,0.00,BGN,COMPLETED,2288.41
CARD_PAYMENT,Current,2022-06-18 16:24:01,2022-06-19 04:46:26,PlayStation,-14.90,0.00,BGN,COMPLETED,2273.51
CARD_PAYMENT,Current,2022-06-18 13:40:41,2022-06-19 13:56:15,Apteka Salviya,-22.40,0.00,BGN,COMPLETED,2251.11
CARD_PAYMENT,Current,2022-06-17 17:34:08,2022-06-21 03:45:35,MAX MARK,-36.38,0.00,BGN,COMPLETED,2214.73
CARD_PAYMENT,Current,2022-06-18 13:41:40,2022-06-21 03:45:35,MAX MARK,-1.69,0.00,BGN,COMPLETED,2213.04
CARD_PAYMENT,Current,2022-06-18 13:35:49,2022-06-21 03:45:35,Maxmark Kasa Iv,-41.24,0.00,BGN,COMPLETED,2171.80
CARD_PAYMENT,Current,2022-06-17 17:22:59,2022-06-21 03:45:35,MAX MARK,-87.00,0.00,BGN,COMPLETED,2084.80
CARD_PAYMENT,Current,2022-06-20 11:13:45,2022-06-21 04:47:57,Apple,-18.99,0.00,BGN,COMPLETED,2065.81
TOPUP,Current,2022-06-22 08:22:08,2022-06-22 08:22:26,Top-Up by *8847,2000.00,0.00,BGN,COMPLETED,4065.81
TOPUP,Current,2022-06-23 09:12:01,2022-06-23 09:12:18,Top-Up by *8847,3000.00,0.00,BGN,COMPLETED,7065.81
CARD_PAYMENT,Current,2022-06-22 11:11:44,2022-06-23 19:42:55,Hotel Desiree,-1129.68,0.00,BGN,COMPLETED,5936.13
CARD_PAYMENT,Current,2022-06-22 11:14:27,2022-06-23 19:42:55,Hotel Desiree,-1076.80,1.03,BGN,COMPLETED,4858.30
CARD_PAYMENT,Current,2022-06-23 19:49:05,2022-06-24 07:46:38,Hotel Indigo Milan - Corso Monforte,-42.83,0.21,BGN,COMPLETED,4815.26
TOPUP,Current,2022-06-24 09:43:35,2022-06-24 09:44:04,Top-Up by *8847,2000.00,0.00,BGN,COMPLETED,6815.26
CARD_PAYMENT,Current,2022-06-23 19:10:56,2022-06-26 16:48:20,Adobe,-23.48,0.12,BGN,COMPLETED,6791.66
CARD_PAYMENT,Current,2022-06-24 20:31:24,2022-06-26 20:02:04,Wizz Air,-195.00,0.00,BGN,COMPLETED,6596.66
CARD_PAYMENT,Current,2022-06-24 20:05:51,2022-06-27 05:43:52,Hotel Indigo Milan - Corso Monforte,-21.30,0.11,BGN,COMPLETED,6575.25
CARD_PAYMENT,Current,2022-06-24 14:52:28,2022-06-27 10:35:34,McDonald's,-32.70,0.16,BGN,COMPLETED,6542.39
CARD_PAYMENT,Current,2022-06-25 20:13:53,2022-06-28 03:12:00,Hotel Indigo Milan - Corso Monforte,-20.21,0.30,BGN,COMPLETED,6521.88
CARD_PAYMENT,Current,2022-06-26 15:55:20,2022-06-28 16:56:08,Placibus,-57.53,0.87,BGN,COMPLETED,6463.48
CARD_PAYMENT,Current,2022-06-26 12:02:15,2022-06-28 16:56:36,Montenapoleone Suites,-5001.77,75.03,BGN,COMPLETED,1386.68
CARD_PAYMENT,Current,2022-06-27 10:34:11,2022-06-28 19:35:00,Dxo Consumer,-252.56,1.26,BGN,COMPLETED,1132.86
CARD_PAYMENT,Current,2022-06-28 02:18:33,2022-06-29 09:53:27,Apple,-13.99,0.00,BGN,COMPLETED,1118.87
CARD_PAYMENT,Current,2022-06-27 16:36:47,2022-06-29 09:55:48,Maxmark Kasa Iv,-31.39,0.00,BGN,COMPLETED,1087.48
CARD_PAYMENT,Current,2022-06-28 18:05:46,2022-06-30 01:55:42,MAX MARK,-33.97,0.00,BGN,COMPLETED,1053.51
CARD_PAYMENT,Current,2022-06-30 04:48:59,2022-06-30 19:04:17,HBO Max,-6.47,0.03,BGN,COMPLETED,1047.01
CARD_PAYMENT,Current,2022-06-29 17:29:34,2022-07-01 00:09:06,MAX MARK,-19.50,0.00,BGN,COMPLETED,1027.51
CARD_PAYMENT,Current,2022-06-29 17:41:37,2022-07-01 00:09:06,MAX MARK,-29.10,0.00,BGN,COMPLETED,998.41
CARD_PAYMENT,Current,2022-06-30 11:57:54,2022-07-01 03:18:47,Globale Public,-161.52,0.81,BGN,COMPLETED,836.08
CARD_PAYMENT,Current,2022-06-30 18:01:23,2022-07-02 00:51:27,Maxmark Kasa Iv,-39.23,0.00,BGN,COMPLETED,796.85
CARD_PAYMENT,Current,2022-07-01 13:24:01,2022-07-02 03:31:41,Apple,-9.99,0.00,BGN,COMPLETED,786.86
TOPUP,Current,2022-07-04 19:06:28,2022-07-04 19:06:48,Top-Up by *8847,1000.00,0.00,BGN,COMPLETED,1786.86
CARD_PAYMENT,Current,2022-07-02 13:18:24,2022-07-04 21:50:32,MAX MARK,-128.07,0.00,BGN,COMPLETED,1658.79
CARD_PAYMENT,Current,2022-07-01 18:28:10,2022-07-04 21:50:32,Maxmark Kasa Iv,-39.36,0.00,BGN,COMPLETED,1619.43
CARD_PAYMENT,Current,2022-07-01 18:28:48,2022-07-04 21:50:32,Maxmark Kasa Iv,-3.47,0.00,BGN,COMPLETED,1615.96
CARD_PAYMENT,Current,2022-07-02 13:05:53,2022-07-04 21:50:32,MAX MARK,-19.50,0.00,BGN,COMPLETED,1596.46
CARD_PAYMENT,Current,2022-07-02 14:39:21,2022-07-04 21:50:48,LUKOIL,-169.99,0.00,BGN,COMPLETED,1426.47
CARD_PAYMENT,Current,2022-07-04 18:19:25,2022-07-05 23:06:22,Max Mark Kasa 2,-17.69,0.00,BGN,COMPLETED,1408.78
CARD_PAYMENT,Current,2022-07-05 17:53:26,2022-07-06 23:43:32,Max Mark,-17.78,0.00,BGN,COMPLETED,1391.00
CARD_PAYMENT,Current,2022-07-04 19:13:19,2022-07-07 03:25:06,PayPal,-533.34,2.67,BGN,COMPLETED,854.99
CARD_PAYMENT,Current,2022-07-06 17:57:32,2022-07-08 00:10:02,Max Mark,-39.27,0.00,BGN,COMPLETED,815.72
CARD_PAYMENT,Current,2022-07-06 17:51:30,2022-07-08 00:10:02,MAX MARK,-19.50,0.00,BGN,COMPLETED,796.22
CARD_PAYMENT,Current,2022-07-07 14:35:07,2022-07-08 18:04:42,Apteka Salviya,-20.10,0.00,BGN,COMPLETED,776.12
CARD_PAYMENT,Current,2022-07-08 18:42:44,2022-07-11 22:52:35,Max Mark Kasa 2,-23.82,0.00,BGN,COMPLETED,752.30
CARD_PAYMENT,Current,2022-07-09 13:50:53,2022-07-11 22:52:35,Max Mark,-48.23,0.00,BGN,COMPLETED,704.07
CARD_PAYMENT,Current,2022-07-09 13:55:38,2022-07-11 22:52:35,MAX MARK,-22.29,0.00,BGN,COMPLETED,681.78
CARD_PAYMENT,Current,2022-07-12 01:14:24,2022-07-13 20:59:17,Apple,-23.99,0.00,BGN,COMPLETED,657.79
CARD_PAYMENT,Current,2022-07-11 17:57:56,2022-07-13 21:01:14,MAX MARK,-25.03,0.00,BGN,COMPLETED,632.76
CARD_PAYMENT,Current,2022-07-12 13:48:13,2022-07-14 02:38:19,MAX MARK,-1.49,0.00,BGN,COMPLETED,631.27
CARD_PAYMENT,Current,2022-07-12 18:12:14,2022-07-14 02:38:19,MAX MARK,-27.58,0.00,BGN,COMPLETED,603.69
CARD_PAYMENT,Current,2022-07-13 17:47:52,2022-07-15 01:31:11,MAX MARK,-19.50,0.00,BGN,COMPLETED,584.19
CARD_PAYMENT,Current,2022-07-13 17:58:22,2022-07-15 01:31:12,Maxmark Kasa Iv,-19.95,0.00,BGN,COMPLETED,564.24
CARD_PAYMENT,Current,2022-07-14 18:39:22,2022-07-15 16:20:03,Juppi,-21.62,0.00,BGN,COMPLETED,542.62
CARD_PAYMENT,Current,2022-07-14 15:12:36,2022-07-16 01:25:17,Max Mark6 Kasa 1,-0.72,0.00,BGN,COMPLETED,541.90
CARD_PAYMENT,Current,2022-07-14 15:16:33,2022-07-16 01:25:17,Max Mark6 Kasa 1,-0.90,0.00,BGN,COMPLETED,541.00
CARD_PAYMENT,Current,2022-07-17 14:51:33,2022-07-18 03:55:50,Paddle.net,-132.15,1.32,BGN,COMPLETED,407.53
TOPUP,Current,2022-07-18 11:19:36,2022-07-18 11:19:54,Top-Up by *8847,1000.00,0.00,BGN,COMPLETED,1407.53
CARD_PAYMENT,Current,2022-07-15 11:44:38,2022-07-18 22:34:41,Max Mark6 Kasa 1,-0.80,0.00,BGN,COMPLETED,1406.73
CARD_PAYMENT,Current,2022-07-15 17:13:34,2022-07-18 22:35:19,Max Mark Kasa 2,-55.56,0.00,BGN,COMPLETED,1351.17
CARD_PAYMENT,Current,2022-07-16 13:04:57,2022-07-18 22:35:19,MAX MARK,-1.69,0.00,BGN,COMPLETED,1349.48
CARD_PAYMENT,Current,2022-07-15 12:26:23,2022-07-18 22:35:19,MAX MARK,-3.78,0.00,BGN,COMPLETED,1345.70
CARD_PAYMENT,Current,2022-07-16 13:04:15,2022-07-18 22:35:19,Maxmark Kasa Iv,-35.14,0.00,BGN,COMPLETED,1310.56
CARD_PAYMENT,Current,2022-07-18 17:17:14,2022-07-20 00:25:13,MAX MARK,-19.50,0.00,BGN,COMPLETED,1291.06
CARD_PAYMENT,Current,2022-07-18 17:27:58,2022-07-20 00:25:13,Maxmark Kasa Iv,-15.42,0.00,BGN,COMPLETED,1275.64
CARD_PAYMENT,Current,2022-07-19 18:01:14,2022-07-21 01:15:53,Maxmark Kasa Iv,-20.72,0.00,BGN,COMPLETED,1254.92
CARD_PAYMENT,Current,2022-07-20 11:14:05,2022-07-21 03:39:58,Apple,-18.99,0.00,BGN,COMPLETED,1235.93
CARD_PAYMENT,Current,2022-07-20 14:47:10,2022-07-22 00:49:37,MAX MARK,-2.29,0.00,BGN,COMPLETED,1233.64
CARD_PAYMENT,Current,2022-07-20 17:40:12,2022-07-22 00:49:37,MAX MARK,-11.40,0.00,BGN,COMPLETED,1222.24
CARD_PAYMENT,Current,2022-07-20 17:52:05,2022-07-22 00:49:45,LUKOIL,-181.59,0.00,BGN,COMPLETED,1040.65
CARD_PAYMENT,Current,2022-07-21 17:52:41,2022-07-22 18:52:32,Juppi,-25.64,0.00,BGN,COMPLETED,1015.01
CARD_PAYMENT,Current,2022-07-24 08:53:48,2022-07-25 00:40:46,Adobe,-23.51,0.24,BGN,COMPLETED,991.26
CARD_PAYMENT,Current,2022-07-24 11:58:46,2022-07-25 01:02:08,PlayStation,-39.90,0.00,BGN,COMPLETED,951.36
CARD_PAYMENT,Current,2022-07-22 15:28:31,2022-07-26 00:45:37,Max Mark6 Kasa 1,-0.81,0.00,BGN,COMPLETED,950.55
CARD_PAYMENT,Current,2022-07-22 15:33:46,2022-07-26 00:45:37,Max Mark6 Kasa 1,-1.09,0.00,BGN,COMPLETED,949.46
CARD_PAYMENT,Current,2022-07-23 12:47:22,2022-07-26 00:46:24,MAX MARK,-2.06,0.00,BGN,COMPLETED,947.40
CARD_PAYMENT,Current,2022-07-23 12:46:29,2022-07-26 00:46:24,Maxmark Kasa Iv,-59.60,0.00,BGN,COMPLETED,887.80
CARD_PAYMENT,Current,2022-07-22 17:50:17,2022-07-26 00:46:24,Maxmark Kasa Iv,-22.63,0.00,BGN,COMPLETED,865.17
CARD_PAYMENT,Current,2022-07-23 12:39:39,2022-07-26 00:46:24,MAX MARK,-19.50,0.00,BGN,COMPLETED,845.67
CARD_PAYMENT,Current,2022-07-25 08:14:34,2022-07-26 03:46:52,Almaenpena,-340.69,0.00,BGN,COMPLETED,504.98
CARD_PAYMENT,Current,2022-07-25 17:56:52,2022-07-27 01:40:56,MAX MARK,-20.80,0.00,BGN,COMPLETED,484.18
CARD_PAYMENT,Current,2022-07-26 18:01:36,2022-07-27 16:28:14,Juppi,-21.47,0.00,BGN,COMPLETED,462.71
CARD_PAYMENT,Current,2022-07-26 13:19:16,2022-07-27 23:43:29,MAX MARK,-2.29,0.00,BGN,COMPLETED,460.42
CARD_PAYMENT,Current,2022-07-26 16:39:03,2022-07-27 23:43:29,MAX MARK,-19.50,0.00,BGN,COMPLETED,440.92
CARD_PAYMENT,Current,2022-07-28 02:18:39,2022-07-28 14:46:09,Apple,-13.99,0.00,BGN,COMPLETED,426.93
CARD_PAYMENT,Current,2022-07-27 17:49:05,2022-07-29 00:32:46,Max Mark,-31.75,0.00,BGN,COMPLETED,395.18
CARD_PAYMENT,Current,2022-07-28 18:13:48,2022-07-30 02:07:36,Max Mark,-19.32,0.00,BGN,COMPLETED,375.86
CARD_PAYMENT,Current,2022-07-29 13:08:44,2022-07-30 18:36:30,Rubia,-6.45,0.00,BGN,COMPLETED,369.41
CARD_PAYMENT,Current,2022-07-30 04:31:23,2022-07-30 21:25:34,HBO Max,-6.47,0.06,BGN,COMPLETED,362.88
CARD_PAYMENT,Current,2022-07-29 13:06:36,2022-07-30 21:28:53,Apteka Salviya,-49.24,0.00,BGN,COMPLETED,313.64
CARD_PAYMENT,Current,2022-07-29 16:55:46,2022-08-02 00:41:20,MAX MARK,-82.00,0.00,BGN,COMPLETED,231.64
CARD_PAYMENT,Current,2022-07-29 17:18:49,2022-08-02 00:44:53,Juppi,-56.87,0.00,BGN,COMPLETED,174.77
CARD_PAYMENT,Current,2022-08-01 13:23:13,2022-08-02 18:53:06,Apple,-9.99,0.00,BGN,COMPLETED,164.78
TRANSFER,Current,2022-08-04 09:50:08,2022-08-04 09:50:09,Revolut Bank UAB,-70.00,0.00,BGN,COMPLETED,94.78
CARD_PAYMENT,Current,2022-08-03 12:38:17,2022-08-05 01:27:09,Mall Burgas Plaza,-86.68,0.00,BGN,COMPLETED,8.10
TOPUP,Current,2022-08-06 14:28:41,2022-08-06 14:28:58,Top-Up by *8847,1000.00,0.00,BGN,COMPLETED,1008.10
CARD_PAYMENT,Current,2022-08-06 15:05:07,2022-08-08 18:28:48,Juppi,-53.71,0.00,BGN,COMPLETED,954.39
CARD_PAYMENT,Current,2022-08-06 15:12:35,2022-08-09 00:50:04,LUKOIL,-142.28,0.00,BGN,COMPLETED,812.11
CARD_PAYMENT,Current,2022-08-09 17:42:57,2022-08-10 18:34:25,Juppi,-27.41,0.00,BGN,COMPLETED,784.70
CARD_PAYMENT,Current,2022-08-09 14:50:29,2022-08-10 19:38:00,Apteka Salviya,-11.30,0.00,BGN,COMPLETED,773.40
CARD_PAYMENT,Current,2022-08-09 14:49:33,2022-08-11 01:23:30,MAX MARK,-0.99,0.00,BGN,COMPLETED,772.41
CARD_PAYMENT,Current,2022-08-10 17:10:57,2022-08-12 01:22:02,Maxmark Kasa Iv,-21.71,0.00,BGN,COMPLETED,750.70
CARD_PAYMENT,Current,2022-08-11 17:34:25,2022-08-12 19:13:46,Juppi,-18.86,0.00,BGN,COMPLETED,731.84
CARD_PAYMENT,Current,2022-08-11 16:14:42,2022-08-13 01:39:43,MAX MARK,-0.99,0.00,BGN,COMPLETED,730.85
CARD_PAYMENT,Current,2022-08-11 13:36:57,2022-08-13 01:39:43,MAX MARK,-26.00,0.00,BGN,COMPLETED,704.85
CARD_PAYMENT,Current,2022-08-13 13:26:27,2022-08-15 17:17:34,Juppi,-100.15,0.00,BGN,COMPLETED,604.70
CARD_PAYMENT,Current,2022-08-12 17:39:47,2022-08-15 23:23:55,Max Mark,-51.76,0.00,BGN,COMPLETED,552.94
CARD_PAYMENT,Current,2022-08-12 14:07:26,2022-08-15 23:23:55,MAX MARK,-1.09,0.00,BGN,COMPLETED,551.85
CARD_PAYMENT,Current,2022-08-13 13:36:10,2022-08-15 23:24:18,LUKOIL,-104.90,0.00,BGN,COMPLETED,446.95
CARD_PAYMENT,Current,2022-08-15 17:06:13,2022-08-17 00:59:25,Max Mark,-19.26,0.00,BGN,COMPLETED,427.69
CARD_PAYMENT,Current,2022-08-15 13:55:40,2022-08-17 00:59:25,MAX MARK,-26.00,0.00,BGN,COMPLETED,401.69
CARD_PAYMENT,Current,2022-08-16 17:36:52,2022-08-18 02:30:53,Maxmark Kasa Iv,-40.80,0.00,BGN,COMPLETED,360.89
CARD_PAYMENT,Current,2022-08-16 13:31:52,2022-08-18 02:30:53,MAX MARK,-2.29,0.00,BGN,COMPLETED,358.60
CARD_PAYMENT,Current,2022-08-18 14:46:18,2022-08-20 02:01:09,MAX MARK,-20.99,0.00,BGN,COMPLETED,337.61
CARD_PAYMENT,Current,2022-08-18 17:33:09,2022-08-20 02:01:09,Max Mark,-37.99,0.00,BGN,COMPLETED,299.62
CARD_PAYMENT,Current,2022-08-17 15:22:06,2022-08-20 03:39:06,MAX MARK,-2.06,0.00,BGN,COMPLETED,297.56
CARD_PAYMENT,Current,2022-08-17 19:31:39,2022-08-20 03:39:06,Max Mark,-105.45,0.00,BGN,COMPLETED,192.11
CARD_PAYMENT,Current,2022-08-19 16:22:33,2022-08-20 18:38:55,Apteka Salviya,-7.00,0.00,BGN,COMPLETED,185.11
CARD_PAYMENT,Current,2022-08-20 11:13:43,2022-08-21 03:32:50,Apple,-18.99,0.00,BGN,COMPLETED,166.12
CARD_PAYMENT,Current,2022-08-19 16:46:24,2022-08-22 16:38:25,Juppi,-6.92,0.00,BGN,COMPLETED,159.20
CARD_PAYMENT,Current,2022-08-20 18:44:45,2022-08-22 18:26:05,Voya 22 Eood,-42.00,0.00,BGN,COMPLETED,117.20
CARD_PAYMENT,Current,2022-08-19 16:23:32,2022-08-22 22:35:24,MAX MARK,-32.50,0.00,BGN,COMPLETED,84.70
CARD_PAYMENT,Current,2022-08-19 16:30:55,2022-08-22 22:35:24,Maxmark Kasa Iv,-20.81,0.00,BGN,COMPLETED,63.89
CARD_PAYMENT,Current,2022-08-23 20:04:04,2022-08-25 01:56:48,Adobe,-23.50,0.00,BGN,COMPLETED,40.39
TOPUP,Current,2022-08-25 14:28:13,2022-08-25 14:42:41,Top-Up by *8847,1000.00,0.00,BGN,COMPLETED,1040.39
CARD_PAYMENT,Current,2022-08-24 15:27:48,2022-08-26 01:08:18,Maxmark Kasa Iv,-22.58,0.00,BGN,COMPLETED,1017.81
CARD_PAYMENT,Current,2022-08-25 17:10:26,2022-08-26 18:47:52,Juppi,-12.71,0.00,BGN,COMPLETED,1005.10
CARD_PAYMENT,Current,2022-08-25 18:38:17,2022-08-26 18:47:52,Juppi,-70.42,0.00,BGN,COMPLETED,934.68
CARD_PAYMENT,Current,2022-08-26 03:40:53,2022-08-27 01:18:06,Apple,-40.99,0.00,BGN,COMPLETED,893.69
CARD_PAYMENT,Current,2022-08-25 14:10:49,2022-08-27 01:20:07,MAX MARK,-2.29,0.00,BGN,COMPLETED,891.40
CARD_PAYMENT,Current,2022-08-27 15:01:22,2022-08-28 03:32:54,Apple,-12.99,0.00,BGN,COMPLETED,878.41
CARD_PAYMENT,Current,2022-08-28 02:19:40,2022-08-28 06:40:46,Apple,-13.99,0.00,BGN,COMPLETED,864.42
CARD_PAYMENT,Current,2022-08-28 11:27:28,2022-08-29 03:38:14,Apple,-12.99,0.00,BGN,COMPLETED,851.43
CARD_PAYMENT,Current,2022-08-27 13:32:45,2022-08-29 17:12:21,Juppi,-37.20,0.00,BGN,COMPLETED,814.23
CARD_PAYMENT,Current,2022-08-26 16:52:42,2022-08-29 17:12:21,Juppi,-43.41,0.00,BGN,COMPLETED,770.82
CARD_PAYMENT,Current,2022-08-27 13:26:19,2022-08-29 23:33:35,MAX MARK,-19.50,0.00,BGN,COMPLETED,751.32
CARD_PAYMENT,Current,2022-08-29 17:22:52,2022-08-30 18:23:27,Juppi,-36.81,0.00,BGN,COMPLETED,714.51
CARD_PAYMENT,Current,2022-08-30 04:29:46,2022-08-30 19:26:16,HBO Max,-6.47,0.00,BGN,COMPLETED,708.04
CARD_PAYMENT,Current,2022-08-29 14:50:14,2022-08-31 00:38:27,MAX MARK,-3.13,0.00,BGN,COMPLETED,704.91
CARD_PAYMENT,Current,2022-08-30 17:44:41,2022-08-31 18:18:51,Juppi,-21.42,0.00,BGN,COMPLETED,683.49
CARD_PAYMENT,Current,2022-08-31 11:02:10,2022-09-01 03:27:29,Almaenpena,-146.86,0.00,BGN,COMPLETED,536.63
CARD_PAYMENT,Current,2022-08-31 17:46:37,2022-09-02 01:11:25,Maxmark Kasa Iv,-13.62,0.00,BGN,COMPLETED,523.01
CARD_PAYMENT,Current,2022-09-01 13:24:57,2022-09-02 03:40:40,Apple,-9.99,0.00,BGN,COMPLETED,513.02
CARD_PAYMENT,Current,2022-09-01 18:18:40,2022-09-02 19:56:33,Juppi,-22.81,0.00,BGN,COMPLETED,490.21
CARD_PAYMENT,Current,2022-09-01 18:08:26,2022-09-03 02:39:21,MAX MARK,-31.50,0.00,BGN,COMPLETED,458.71
CARD_PAYMENT,Current,2022-09-03 09:37:05,2022-09-03 19:58:21,PlayStation,-14.30,0.00,BGN,COMPLETED,444.41
CARD_PAYMENT,Current,2022-09-02 15:08:32,2022-09-03 20:02:18,Apteka Salviya,-23.40,0.00,BGN,COMPLETED,421.01
TOPUP,Current,2022-09-05 11:32:46,2022-09-05 11:33:07,Top-Up by *8847,1000.00,0.00,BGN,COMPLETED,1421.01
CARD_PAYMENT,Current,2022-09-02 15:22:45,2022-09-05 16:53:49,Maks Mark,-54.99,0.00,BGN,COMPLETED,1366.02
CARD_PAYMENT,Current,2022-09-02 17:53:17,2022-09-05 22:42:57,Maxmark Kasa Iv,-33.36,0.00,BGN,COMPLETED,1332.66
CARD_PAYMENT,Current,2022-09-03 13:24:34,2022-09-05 22:42:57,Maxmark Kasa Iv,-8.99,0.00,BGN,COMPLETED,1323.67
CARD_PAYMENT,Current,2022-09-03 13:24:11,2022-09-05 22:42:57,Maxmark Kasa Iv,-38.30,0.00,BGN,COMPLETED,1285.37
CARD_PAYMENT,Current,2022-09-05 11:33:51,2022-09-06 04:32:41,Microsoft Store,-189.99,0.00,BGN,COMPLETED,1095.38
CARD_PAYMENT,Current,2022-09-05 13:39:15,2022-09-06 23:29:19,MAX MARK,-1.34,0.00,BGN,COMPLETED,1094.04
CARD_PAYMENT,Current,2022-09-05 17:45:24,2022-09-06 23:29:19,MAX MARK,-13.92,0.00,BGN,COMPLETED,1080.12
CARD_PAYMENT,Current,2022-09-06 15:32:56,2022-09-07 19:04:18,Apteka Salviya,-4.90,0.00,BGN,COMPLETED,1075.22
CARD_PAYMENT,Current,2022-09-06 17:32:59,2022-09-08 00:06:31,MAX MARK,-26.00,0.00,BGN,COMPLETED,1049.22
CARD_PAYMENT,Current,2022-09-06 17:42:36,2022-09-08 00:06:32,Maxmark Kasa Iv,-29.28,0.00,BGN,COMPLETED,1019.94
CARD_PAYMENT,Current,2022-09-07 17:19:32,2022-09-08 17:59:35,Maks Mark,-20.61,0.00,BGN,COMPLETED,999.33
CARD_PAYMENT,Current,2022-09-08 18:12:34,2022-09-10 00:48:17,MAX MARK,-16.43,0.00,BGN,COMPLETED,982.90
CARD_PAYMENT,Current,2022-09-08 13:28:40,2022-09-10 00:48:17,MAX MARK,-1.49,0.00,BGN,COMPLETED,981.41
CARD_PAYMENT,Current,2022-09-11 14:22:33,2022-09-12 18:31:38,Juppi,-32.62,0.00,BGN,COMPLETED,948.79
CARD_PAYMENT,Current,2022-09-10 13:23:50,2022-09-12 23:18:38,Maxmark Kasa Iv,-22.99,0.00,BGN,COMPLETED,925.80
CARD_PAYMENT,Current,2022-09-09 17:34:01,2022-09-12 23:18:39,Maxmark Kasa Iv,-34.49,0.00,BGN,COMPLETED,891.31
CARD_PAYMENT,Current,2022-09-11 14:15:09,2022-09-12 23:18:39,MAX MARK,-19.50,0.00,BGN,COMPLETED,871.81
CARD_PAYMENT,Current,2022-09-15 15:54:03,2022-09-17 02:32:37,MAX MARK,-33.99,0.00,BGN,COMPLETED,837.82
CARD_PAYMENT,Current,2022-09-15 18:14:46,2022-09-17 02:32:37,Max Mark,-34.38,0.00,BGN,COMPLETED,803.44
CARD_PAYMENT,Current,2022-09-18 13:42:18,2022-09-19 01:58:44,Mobilfox,-82.90,0.00,BGN,COMPLETED,720.54
CARD_PAYMENT,Current,2022-09-17 13:28:02,2022-09-19 23:01:43,MAX MARK,-45.83,0.00,BGN,COMPLETED,674.71
CARD_PAYMENT,Current,2022-09-16 17:41:56,2022-09-19 23:01:43,Max Mark,-38.70,0.00,BGN,COMPLETED,636.01
CARD_PAYMENT,Current,2022-09-15 21:06:59,2022-09-20 07:25:37,HUGO BOSS,-330.00,0.00,BGN,COMPLETED,306.01
CARD_PAYMENT,Current,2022-09-19 17:44:16,2022-09-21 00:16:23,Maxmark Kasa Iv,-18.35,0.00,BGN,COMPLETED,287.66
CARD_PAYMENT,Current,2022-09-20 11:14:27,2022-09-21 03:35:22,Apple,-18.99,0.00,BGN,COMPLETED,268.67
TOPUP,Current,2022-09-21 18:27:08,2022-09-21 18:27:23,Top-Up by *8847,1000.00,0.00,BGN,COMPLETED,1268.67
CARD_PAYMENT,Current,2022-09-20 17:39:30,2022-09-22 02:03:08,Max Mark Kasa 2,-38.98,0.00,BGN,COMPLETED,1229.69
CARD_PAYMENT,Current,2022-09-21 17:34:10,2022-09-23 02:09:06,MAX MARK,-26.74,0.00,BGN,COMPLETED,1202.95
CARD_PAYMENT,Current,2022-09-22 16:44:18,2022-09-24 01:37:43,MAX MARK,-32.50,0.00,BGN,COMPLETED,1170.45
CARD_PAYMENT,Current,2022-09-22 17:32:00,2022-09-24 01:37:43,MAX MARK,-43.37,0.00,BGN,COMPLETED,1127.08
CARD_PAYMENT,Current,2022-09-23 19:30:27,2022-09-25 02:08:34,Adobe,-23.52,0.00,BGN,COMPLETED,1103.56
CARD_PAYMENT,Current,2022-09-23 17:31:40,2022-09-26 22:46:41,Max Mark,-49.45,0.00,BGN,COMPLETED,1054.11
CARD_PAYMENT,Current,2022-09-24 10:27:54,2022-09-26 22:46:41,MAX MARK,-34.18,0.00,BGN,COMPLETED,1019.93
CARD_PAYMENT,Current,2022-09-26 17:10:17,2022-09-28 01:07:33,MAX MARK,-10.99,0.00,BGN,COMPLETED,1008.94
CARD_PAYMENT,Current,2022-09-28 02:19:40,2022-09-28 17:54:07,Apple,-13.99,0.00,BGN,COMPLETED,994.95
CARD_PAYMENT,Current,2022-09-27 17:40:18,2022-09-29 00:58:05,Maxmark Kasa Iv,-20.57,0.00,BGN,COMPLETED,974.38
CARD_PAYMENT,Current,2022-09-27 17:31:30,2022-09-29 00:58:05,MAX MARK,-32.50,0.00,BGN,COMPLETED,941.88
CARD_PAYMENT,Current,2022-09-28 17:31:24,2022-09-30 01:44:16,Max Mark,-14.44,0.00,BGN,COMPLETED,927.44
CARD_PAYMENT,Current,2022-09-30 04:43:42,2022-09-30 20:32:35,HBO Max,-6.48,0.00,BGN,COMPLETED,920.96
CARD_PAYMENT,Current,2022-09-29 18:12:06,2022-10-01 02:11:24,MAX MARK,-17.39,0.00,BGN,COMPLETED,903.57
CARD_PAYMENT,Current,2022-10-01 13:24:19,2022-10-02 03:42:23,Apple,-9.99,0.00,BGN,COMPLETED,893.58
CARD_PAYMENT,Current,2022-10-01 15:39:10,2022-10-03 23:04:58,MAX MARK,-1.39,0.00,BGN,COMPLETED,892.19
CARD_PAYMENT,Current,2022-10-01 15:38:25,2022-10-03 23:04:58,MAX MARK,-43.17,0.00,BGN,COMPLETED,849.02
CARD_PAYMENT,Current,2022-10-03 17:14:55,2022-10-05 01:13:21,Maxmark Kasa Iv,-26.46,0.00,BGN,COMPLETED,822.56
CARD_PAYMENT,Current,2022-10-04 17:42:54,2022-10-06 00:51:35,Max Mark,-34.63,0.00,BGN,COMPLETED,787.93
CARD_PAYMENT,Current,2022-10-05 17:37:13,2022-10-07 02:01:46,Max Mark,-15.38,0.00,BGN,COMPLETED,772.55
CARD_PAYMENT,Current,2022-10-06 17:55:41,2022-10-08 03:28:18,MAX MARK,-16.10,0.00,BGN,COMPLETED,756.45
CARD_PAYMENT,Current,2022-10-08 13:58:56,2022-10-11 13:36:57,Mat 2001 Ood,-100.02,0.00,BGN,COMPLETED,656.43
CARD_PAYMENT,Current,2022-10-08 13:45:49,2022-10-11 17:08:52,MAX MARK,-44.17,0.00,BGN,COMPLETED,612.26
CARD_PAYMENT,Current,2022-10-07 17:23:00,2022-10-11 17:08:53,Maxmark Kasa Iv,-23.92,0.00,BGN,COMPLETED,588.34
CARD_PAYMENT,Current,2022-10-07 14:05:41,2022-10-11 17:08:53,MAX MARK,-26.00,0.00,BGN,COMPLETED,562.34
TOPUP,Current,2022-10-12 08:22:56,2022-10-12 08:23:10,Top-Up by *8847,1000.00,0.00,BGN,COMPLETED,1562.34
CARD_PAYMENT,Current,2022-10-10 17:24:24,2022-10-12 16:00:15,Maxmark Kasa Iv,-11.35,0.00,BGN,COMPLETED,1550.99
CARD_PAYMENT,Current,2022-10-11 16:02:51,2022-10-13 05:10:21,Apteka Salviya,-11.60,0.00,BGN,COMPLETED,1539.39
CARD_PAYMENT,Current,2022-10-11 17:32:29,2022-10-13 10:57:18,Max Mark,-21.88,0.00,BGN,COMPLETED,1517.51
CARD_PAYMENT,Current,2022-10-11 16:03:41,2022-10-13 10:57:18,MAX MARK,-26.00,0.00,BGN,COMPLETED,1491.51
CARD_PAYMENT,Current,2022-10-13 16:37:17,2022-10-14 18:04:55,Acibadem City Clinic Tokuda Hospital,-257.40,0.00,BGN,COMPLETED,1234.11
CARD_PAYMENT,Current,2022-10-13 16:36:48,2022-10-15 03:08:54,Acibadem City Clinic,-100.00,0.00,BGN,COMPLETED,1134.11
CARD_PAYMENT,Current,2022-10-14 17:52:39,2022-10-18 00:36:48,Maxmark Kasa Iv,-35.97,0.00,BGN,COMPLETED,1098.14
CARD_PAYMENT,Current,2022-10-14 17:39:19,2022-10-18 00:36:49,MAX MARK,-19.50,0.00,BGN,COMPLETED,1078.64
CARD_PAYMENT,Current,2022-10-17 14:53:03,2022-10-18 15:48:06,Rubia,-68.75,0.00,BGN,COMPLETED,1009.89
CARD_PAYMENT,Current,2022-10-17 17:21:18,2022-10-19 03:43:25,Maxmark Kasa Iv,-15.82,0.00,BGN,COMPLETED,994.07
CARD_PAYMENT,Current,2022-10-18 15:16:23,2022-10-19 17:53:45,Rubia,-52.78,0.00,BGN,COMPLETED,941.29
CARD_PAYMENT,Current,2022-10-18 17:40:30,2022-10-20 02:01:52,Max Mark,-32.13,0.00,BGN,COMPLETED,909.16
CARD_PAYMENT,Current,2022-10-19 17:33:00,2022-10-21 02:31:44,Max Mark,-25.42,0.00,BGN,COMPLETED,883.74
CARD_PAYMENT,Current,2022-10-20 11:15:29,2022-10-21 03:33:42,Apple,-18.99,0.00,BGN,COMPLETED,864.75
CARD_PAYMENT,Current,2022-10-20 17:37:47,2022-10-22 04:55:56,MAX MARK,-26.00,0.00,BGN,COMPLETED,838.75
CARD_PAYMENT,Current,2022-10-20 17:44:21,2022-10-22 04:55:56,Max Mark,-30.78,0.00,BGN,COMPLETED,807.97
CARD_PAYMENT,Current,2022-10-23 22:48:11,2022-10-25 00:10:08,Adobe,-23.54,0.24,BGN,COMPLETED,784.19
CARD_PAYMENT,Current,2022-10-22 13:40:13,2022-10-25 00:12:45,Maxmark Kasa Iv,-53.31,0.00,BGN,COMPLETED,730.88
CARD_PAYMENT,Current,2022-10-21 17:39:15,2022-10-25 00:12:45,Maxmark Kasa Iv,-55.87,0.00,BGN,COMPLETED,675.01
CARD_PAYMENT,Current,2022-10-24 17:29:31,2022-10-26 03:09:52,MAX MARK,-20.85,0.00,BGN,COMPLETED,654.16
CARD_PAYMENT,Current,2022-10-25 14:25:03,2022-10-27 02:14:53,MAX MARK,-1.49,0.00,BGN,COMPLETED,652.67
CARD_PAYMENT,Current,2022-10-25 17:46:52,2022-10-27 02:14:53,MAX MARK,-16.00,0.00,BGN,COMPLETED,636.67
CARD_PAYMENT,Current,2022-10-26 17:21:18,2022-10-28 02:00:37,MAX MARK,-32.50,0.00,BGN,COMPLETED,604.17
CARD_PAYMENT,Current,2022-10-26 17:30:36,2022-10-28 02:00:37,MAX MARK,-47.56,0.00,BGN,COMPLETED,556.61
TOPUP,Current,2022-10-28 14:34:49,2022-10-28 14:35:08,Top-Up by *8847,1000.00,0.00,BGN,COMPLETED,1556.61
CARD_PAYMENT,Current,2022-10-28 02:20:48,2022-10-28 17:13:59,Apple,-13.99,0.00,BGN,COMPLETED,1542.62
CARD_PAYMENT,Current,2022-10-27 17:40:57,2022-10-29 03:29:05,Maxmark Kasa Iv,-15.98,0.00,BGN,COMPLETED,1526.64
CARD_PAYMENT,Current,2022-10-28 14:30:15,2022-10-29 06:40:55,Arteza,-104.97,0.00,BGN,COMPLETED,1421.67
TOPUP,Current,2022-10-29 17:32:46,2022-10-29 17:33:00,Top-Up by *8847,1000.00,0.00,BGN,COMPLETED,2421.67
CARD_PAYMENT,Current,2022-10-29 15:17:58,2022-10-30 19:13:00,Humusbar Ring,-2.90,0.00,BGN,COMPLETED,2418.77
CARD_PAYMENT,Current,2022-10-30 03:27:40,2022-10-30 19:49:27,HBO Max,-6.48,0.06,BGN,COMPLETED,2412.23
CARD_PAYMENT,Current,2022-10-29 12:41:58,2022-10-30 19:51:19,OMV,-5.68,0.00,BGN,COMPLETED,2406.55
CARD_PAYMENT,Current,2022-10-29 18:21:35,2022-10-31 19:04:11,MINISO,-40.98,0.00,BGN,COMPLETED,2365.57
CARD_PAYMENT,Current,2022-10-28 17:51:36,2022-11-01 02:27:26,MAX MARK,-34.03,0.00,BGN,COMPLETED,2331.54
CARD_PAYMENT,Current,2022-10-29 16:50:41,2022-11-01 02:27:48,Peek & Cloppenburg,-849.98,0.00,BGN,COMPLETED,1481.56
CARD_PAYMENT,Current,2022-10-31 10:00:30,2022-11-01 03:14:24,Apple,-18.99,0.00,BGN,COMPLETED,1462.57
CARD_PAYMENT,Current,2022-10-31 12:02:59,2022-11-01 18:08:25,DezMoMotors /   ,-57.97,0.00,BGN,COMPLETED,1404.60
CARD_PAYMENT,Current,2022-10-31 15:15:42,2022-11-02 02:08:47,KFC,-24.50,0.00,BGN,COMPLETED,1380.10
CARD_PAYMENT,Current,2022-10-31 11:06:35,2022-11-02 02:09:11,Reception,-672.00,0.00,BGN,COMPLETED,708.10
CARD_PAYMENT,Current,2022-11-01 12:22:42,2022-11-02 03:04:40,Apple,-9.99,0.00,BGN,COMPLETED,698.11
CARD_PAYMENT,Current,2022-11-01 17:25:39,2022-11-02 18:30:40,Juppi,-9.31,0.00,BGN,COMPLETED,688.80
CARD_PAYMENT,Current,2022-11-02 17:30:41,2022-11-04 01:31:25,Max Mark,-42.03,0.00,BGN,COMPLETED,646.77
CARD_PAYMENT,Current,2022-11-02 15:29:37,2022-11-04 01:31:25,MAX MARK,-69.00,0.00,BGN,COMPLETED,577.77
CARD_PAYMENT,Current,2022-11-02 17:49:31,2022-11-04 01:31:33,LUKOIL,-144.47,0.00,BGN,COMPLETED,433.30
CARD_PAYMENT,Current,2022-11-03 11:32:12,2022-11-04 03:14:20,Apple,-19.99,0.00,BGN,COMPLETED,413.31
CARD_PAYMENT,Current,2022-11-03 17:09:08,2022-11-05 01:13:00,Maxmark Kasa Iv,-38.54,0.00,BGN,COMPLETED,374.77
CARD_PAYMENT,Current,2022-11-05 13:13:47,2022-11-06 21:29:48,Apteka Salviya,-35.90,0.00,BGN,COMPLETED,338.87
TOPUP,Current,2022-11-07 11:25:42,2022-11-07 11:25:55,Top-Up by *8847,1000.00,0.00,BGN,COMPLETED,1338.87
CARD_PAYMENT,Current,2022-11-05 13:14:25,2022-11-08 00:56:14,MAX MARK,-13.00,0.00,BGN,COMPLETED,1325.87
CARD_PAYMENT,Current,2022-11-04 17:27:37,2022-11-08 00:56:14,Max Mark Kasa 1,-44.81,0.00,BGN,COMPLETED,1281.06
CARD_PAYMENT,Current,2022-11-05 13:24:58,2022-11-08 00:56:14,Maxmark Kasa Iv,-50.95,0.00,BGN,COMPLETED,1230.11
CARD_PAYMENT,Current,2022-11-07 11:25:21,2022-11-08 03:40:06,FastSpring,-154.77,0.00,BGN,COMPLETED,1075.34
CARD_PAYMENT,Current,2022-11-07 17:31:10,2022-11-08 23:40:50,Max Mark,-35.79,0.00,BGN,COMPLETED,1039.55
CARD_PAYMENT,Current,2022-11-08 17:43:03,2022-11-10 00:54:38,Max Mark Kasa 1,-22.98,0.00,BGN,COMPLETED,1016.57
CARD_PAYMENT,Current,2022-11-09 18:02:27,2022-11-11 01:50:34,MAX MARK,-19.50,0.00,BGN,COMPLETED,997.07
CARD_PAYMENT,Current,2022-11-09 18:08:12,2022-11-11 01:50:34,Maxmark Kasa Iv,-37.64,0.00,BGN,COMPLETED,959.43
CARD_PAYMENT,Current,2022-11-10 17:24:44,2022-11-12 00:57:10,MAX MARK,-22.38,0.00,BGN,COMPLETED,937.05
CARD_PAYMENT,Current,2022-11-12 13:56:11,2022-11-14 17:24:23,Veles Food,-38.92,0.00,BGN,COMPLETED,898.13
CARD_PAYMENT,Current,2022-11-11 17:41:35,2022-11-15 00:53:21,Max Mark Kasa 2,-93.91,0.00,BGN,COMPLETED,804.22
CARD_PAYMENT,Current,2022-11-14 17:08:19,2022-11-15 18:23:14,Maks Mark,-105.90,0.00,BGN,COMPLETED,698.32
CARD_PAYMENT,Current,2022-11-14 17:32:53,2022-11-16 01:24:36,Max Mark Kasa 1,-29.39,0.00,BGN,COMPLETED,668.93
CARD_PAYMENT,Current,2022-11-14 17:23:26,2022-11-16 01:24:36,MAX MARK,-19.50,0.00,BGN,COMPLETED,649.43
CARD_PAYMENT,Current,2022-11-15 14:16:38,2022-11-16 18:00:28,Maks Mark,-20.61,0.00,BGN,COMPLETED,628.82
CARD_PAYMENT,Current,2022-11-15 17:22:45,2022-11-17 00:39:03,Max Mark,-45.91,0.00,BGN,COMPLETED,582.91
TOPUP,Current,2022-11-17 18:03:18,2022-11-17 18:04:06,Top-Up by *8847,1000.00,0.00,BGN,COMPLETED,1582.91
CARD_PAYMENT,Current,2022-11-16 16:23:32,2022-11-17 23:51:54,Max Mark Kasa 1,-31.18,0.00,BGN,COMPLETED,1551.73
CARD_PAYMENT,Current,2022-11-17 18:05:10,2022-11-18 06:50:13,Allbirds,-303.90,0.00,BGN,COMPLETED,1247.83
CARD_PAYMENT,Current,2022-11-17 17:14:13,2022-11-18 22:24:43,Maxmark Kasa Iv,-30.27,0.00,BGN,COMPLETED,1217.56
CARD_PAYMENT,Current,2022-11-18 15:54:02,2022-11-19 17:12:45,Apteka Salviya,-16.80,0.00,BGN,COMPLETED,1200.76
CARD_PAYMENT,Current,2022-11-18 11:13:56,2022-11-21 03:56:17,Amazon,-447.88,0.00,BGN,COMPLETED,752.88
CARD_PAYMENT,Current,2022-11-20 11:14:40,2022-11-21 06:37:40,Apple,-18.99,0.00,BGN,COMPLETED,733.89
CARD_PAYMENT,Current,2022-11-19 13:25:52,2022-11-21 17:55:52,Kaufland,-85.30,0.00,BGN,COMPLETED,648.59
CARD_PAYMENT,Current,2022-11-18 17:33:48,2022-11-21 17:55:52,MAX MARK,-26.00,0.00,BGN,COMPLETED,622.59
CARD_PAYMENT,Current,2022-11-18 17:45:09,2022-11-21 17:55:52,MAX MARK,-73.04,0.00,BGN,COMPLETED,549.55
CARD_PAYMENT,Current,2022-11-21 17:37:15,2022-11-22 17:31:39,Max Mark,-32.30,0.00,BGN,COMPLETED,517.25
CARD_PAYMENT,Current,2022-11-22 17:28:14,2022-11-23 18:01:34,Max Mark Kasa 1,-35.56,0.00,BGN,COMPLETED,481.69
TOPUP,Current,2022-11-24 10:01:45,2022-11-24 10:02:03,Top-Up by *8847,1000.00,0.00,BGN,COMPLETED,1481.69
CARD_PAYMENT,Current,2022-11-23 22:19:54,2022-11-24 17:35:37,Adobe,-23.51,0.00,BGN,COMPLETED,1458.18
CARD_PAYMENT,Current,2022-11-23 17:21:32,2022-11-24 17:36:27,MAX MARK,-27.11,0.00,BGN,COMPLETED,1431.07
CARD_PAYMENT,Current,2022-11-23 17:13:51,2022-11-24 17:36:32,MAX MARK,-32.50,0.00,BGN,COMPLETED,1398.57
CARD_PAYMENT,Current,2022-11-24 17:21:34,2022-11-25 17:44:18,Maxmark Kasa Iv,-40.08,0.00,BGN,COMPLETED,1358.49
CARD_PAYMENT,Current,2022-11-25 17:21:03,2022-11-26 15:12:44,Mat 2001 Ood,-50.00,0.00,BGN,COMPLETED,1308.49
CARD_PAYMENT,Current,2022-11-25 10:28:14,2022-11-26 15:29:25,Allbirds,-164.58,0.00,BGN,COMPLETED,1143.91
TOPUP,Current,2022-11-27 16:42:38,2022-11-27 16:43:11,Top-Up by *8847,1000.00,0.00,BGN,COMPLETED,2143.91
CARD_PAYMENT,Current,2022-11-28 02:19:34,2022-11-28 13:48:46,Apple,-14.99,0.00,BGN,COMPLETED,2128.92
CARD_PAYMENT,Current,2022-11-25 17:09:10,2022-11-28 23:28:23,Maxmark Kasa Iv,-41.12,0.00,BGN,COMPLETED,2087.80
CARD_PAYMENT,Current,2022-11-27 11:28:02,2022-11-28 23:28:23,Max Mark,-9.38,0.00,BGN,COMPLETED,2078.42
CARD_PAYMENT,Current,2022-11-27 16:47:43,2022-11-29 04:46:48,Amazon,-313.67,3.14,BGN,COMPLETED,1761.61
CARD_PAYMENT,Current,2022-11-24 10:03:55,2022-11-29 06:45:46,HUGO BOSS,-722.00,0.00,BGN,COMPLETED,1039.61
CARD_PAYMENT,Current,2022-11-28 17:30:30,2022-11-29 17:34:40,Max Mark,-46.52,0.00,BGN,COMPLETED,993.09
CARD_PAYMENT,Current,2022-11-30 03:40:39,2022-11-30 06:38:37,HBO Max,-6.48,0.00,BGN,COMPLETED,986.61
CARD_PAYMENT,Current,2022-11-29 14:27:52,2022-11-30 17:24:58,MAX MARK,-19.50,0.00,BGN,COMPLETED,967.11
CARD_PAYMENT,Current,2022-11-27 17:19:16,2022-11-30 17:32:13,Amazon,-98.01,0.98,BGN,COMPLETED,868.12
CARD_PAYMENT,Current,2022-11-30 10:57:08,2022-12-01 06:33:56,Apple,-18.99,0.00,BGN,COMPLETED,849.13
CARD_PAYMENT,Current,2022-11-30 17:42:42,2022-12-01 17:17:10,Maxmark Kasa Iv,-37.68,0.00,BGN,COMPLETED,811.45
CARD_PAYMENT,Current,2022-12-01 13:22:35,2022-12-02 04:23:14,Apple,-14.99,0.00,BGN,COMPLETED,796.46
CARD_PAYMENT,Current,2022-12-01 17:44:41,2022-12-02 18:06:44,Max Mark Kasa 1,-58.20,0.00,BGN,COMPLETED,738.26
CARD_PAYMENT,Current,2022-11-30 12:16:57,2022-12-03 04:39:36,Amazon,-74.43,0.00,BGN,COMPLETED,663.83
TOPUP,Current,2022-12-03 15:38:49,2022-12-03 15:39:03,Top-Up by *8847,1000.00,0.00,BGN,COMPLETED,1663.83
CARD_PAYMENT,Current,2022-12-03 21:54:21,2022-12-04 04:39:24,PlayStation,-37.40,0.00,BGN,COMPLETED,1626.43
CARD_PAYMENT,Current,2022-12-02 09:40:32,2022-12-05 04:36:41,Amazon,-171.44,0.00,BGN,COMPLETED,1454.99
CARD_PAYMENT,Current,2022-12-04 10:09:44,2022-12-05 06:19:24,Apple,-8.49,0.00,BGN,COMPLETED,1446.50
CARD_PAYMENT,Current,2022-11-30 19:27:15,2022-12-05 06:56:57,Amazon,-167.41,0.00,BGN,COMPLETED,1279.09
CARD_PAYMENT,Current,2022-12-03 15:37:29,2022-12-05 18:17:29,Maxmark Kasa Iv,-40.27,0.00,BGN,COMPLETED,1238.82
CARD_PAYMENT,Current,2022-12-02 17:23:53,2022-12-05 18:17:29,MAX MARK,-19.50,0.00,BGN,COMPLETED,1219.32
CARD_PAYMENT,Current,2022-12-02 17:36:48,2022-12-05 18:17:29,MAX MARK,-28.99,0.00,BGN,COMPLETED,1190.33
CARD_PAYMENT,Current,2022-12-03 15:50:05,2022-12-05 18:17:37,LUKOIL,-142.43,0.00,BGN,COMPLETED,1047.90
CARD_PAYMENT,Current,2022-12-05 17:31:04,2022-12-06 17:23:43,Maxmark Kasa Iv,-46.43,0.00,BGN,COMPLETED,1001.47
CARD_PAYMENT,Current,2022-12-05 17:23:06,2022-12-06 17:23:43,MAX MARK,-19.50,0.00,BGN,COMPLETED,981.97
CARD_PAYMENT,Current,2022-12-06 17:37:16,2022-12-07 17:19:13,Max Mark Kasa 1,-38.36,0.00,BGN,COMPLETED,943.61
CARD_PAYMENT,Current,2022-12-07 17:40:48,2022-12-08 13:19:57,Maks Mark,-16.02,0.00,BGN,COMPLETED,927.59
CARD_PAYMENT,Current,2022-12-07 17:51:57,2022-12-08 17:11:59,Max Mark Kasa 1,-30.93,0.00,BGN,COMPLETED,896.66
CARD_PAYMENT,Current,2022-12-11 13:14:52,2022-12-12 06:23:31,Apple,-13.99,0.00,BGN,COMPLETED,882.67
CARD_PAYMENT,Current,2022-12-08 17:56:20,2022-12-12 17:23:29,MAX MARK,-26.94,0.00,BGN,COMPLETED,855.73
CARD_PAYMENT,Current,2022-12-10 13:16:54,2022-12-12 17:23:29,Maxmark Kasa Iv,-61.47,0.00,BGN,COMPLETED,794.26
CARD_PAYMENT,Current,2022-12-09 17:41:31,2022-12-12 17:23:29,Max Mark,-47.20,0.00,BGN,COMPLETED,747.06
CARD_PAYMENT,Current,2022-12-09 17:10:36,2022-12-13 13:00:31,Maks Mark,-46.19,0.00,BGN,COMPLETED,700.87
CARD_PAYMENT,Current,2022-12-12 17:35:26,2022-12-13 17:12:31,Maxmark Kasa Iv,-38.67,0.00,BGN,COMPLETED,662.20
CARD_PAYMENT,Current,2022-12-13 17:41:04,2022-12-14 17:16:12,MAX MARK,-19.50,0.00,BGN,COMPLETED,642.70
CARD_PAYMENT,Current,2022-12-13 17:51:58,2022-12-14 17:16:12,Max Mark,-22.00,0.00,BGN,COMPLETED,620.70
CARD_PAYMENT,Current,2022-12-14 17:50:39,2022-12-15 19:07:32,Maxmark Kasa Iv,-35.93,0.00,BGN,COMPLETED,584.77
CARD_PAYMENT,Current,2022-12-15 17:47:22,2022-12-16 18:12:13,Maxmark Kasa Iv,-22.17,0.00,BGN,COMPLETED,562.60
CARD_PAYMENT,Current,2022-12-16 20:47:13,2022-12-17 13:08:20,Apple,-15.99,0.00,BGN,COMPLETED,546.61
CARD_PAYMENT,Current,2022-12-17 17:33:42,2022-12-18 07:25:06,Apple,-6.99,0.00,BGN,COMPLETED,539.62
CARD_PAYMENT,Current,2022-12-17 13:22:35,2022-12-19 17:29:35,Max Mark,-33.65,0.00,BGN,COMPLETED,505.97
CARD_PAYMENT,Current,2022-12-16 17:35:47,2022-12-19 17:29:35,Maxmark Kasa Iv,-41.26,0.00,BGN,COMPLETED,464.71
CARD_PAYMENT,Current,2022-12-16 17:23:36,2022-12-19 17:29:35,MAX MARK,-19.50,0.00,BGN,COMPLETED,445.21
TOPUP,Current,2022-12-20 11:57:37,2022-12-20 11:57:50,Top-Up by *8847,1000.00,0.00,BGN,COMPLETED,1445.21
CARD_PAYMENT,Current,2022-12-19 17:36:23,2022-12-20 17:21:51,MAX MARK,-32.22,0.00,BGN,COMPLETED,1412.99
CARD_PAYMENT,Current,2022-12-20 11:41:44,2022-12-20 17:28:51,Nintendo,-137.17,0.00,BGN,COMPLETED,1275.82
CARD_PAYMENT,Current,2022-12-20 11:15:42,2022-12-21 04:16:00,Apple,-18.99,0.00,BGN,COMPLETED,1256.83
CARD_PAYMENT,Current,2022-12-20 19:26:42,2022-12-21 04:29:31,Nintendo,-117.71,0.00,BGN,COMPLETED,1139.12
CARD_PAYMENT,Current,2022-12-20 17:28:05,2022-12-22 17:10:18,Max Mark,-51.99,0.00,BGN,COMPLETED,1087.13
CARD_PAYMENT,Current,2022-12-21 15:52:15,2022-12-22 20:06:00,MAX MARK,-29.91,0.00,BGN,COMPLETED,1057.22
CARD_PAYMENT,Current,2022-12-21 15:07:54,2022-12-22 20:06:00,MAX MARK,-39.00,0.00,BGN,COMPLETED,1018.22
CARD_PAYMENT,Current,2022-12-23 11:20:40,,Sky,-1.97,0.00,BGN,REVERTED,
CARD_PAYMENT,Current,2022-12-23 11:20:55,2022-12-23 17:17:48,Sky,-3.91,0.00,BGN,COMPLETED,1014.31
CARD_PAYMENT,Current,2022-12-22 16:33:03,2022-12-24 04:24:13,Maxmark Kasa Iv,-92.32,0.00,BGN,COMPLETED,921.99
CARD_PAYMENT,Current,2022-12-23 20:50:29,2022-12-24 04:36:29,PlayStation,-119.00,0.00,BGN,COMPLETED,802.99
CARD_PAYMENT,Current,2022-12-23 23:00:19,2022-12-24 18:09:23,Adobe,-23.54,0.00,BGN,COMPLETED,779.45
CARD_PAYMENT,Current,2022-12-24 14:36:27,2022-12-24 18:14:31,F3v76ppsr2,-27.44,0.27,BGN,COMPLETED,751.74
CARD_PAYMENT,Current,2022-12-24 17:33:01,2022-12-25 06:23:41,Apple,-4.49,0.00,BGN,COMPLETED,747.25
CARD_PAYMENT,Current,2022-12-24 20:14:10,2022-12-25 06:23:41,Apple,-6.99,0.00,BGN,COMPLETED,740.26
CARD_PAYMENT,Current,2022-12-25 14:09:31,2022-12-26 06:10:43,Apple,-10.99,0.00,BGN,COMPLETED,729.27
CARD_PAYMENT,Current,2022-12-25 14:08:29,2022-12-26 06:10:43,Apple,-10.99,0.00,BGN,COMPLETED,718.28
CARD_PAYMENT,Current,2022-12-24 12:59:07,2022-12-26 17:06:37,Maxmark Kasa Iv,-106.89,0.00,BGN,COMPLETED,611.39
CARD_PAYMENT,Current,2022-12-23 14:39:40,2022-12-26 17:06:37,MAX MARK,-19.15,0.00,BGN,COMPLETED,592.24
CARD_PAYMENT,Current,2022-12-24 13:16:38,2022-12-26 17:06:42,LUKOIL,-1.99,0.00,BGN,COMPLETED,590.25
CARD_PAYMENT,Current,2022-12-24 13:16:07,2022-12-26 17:06:42,LUKOIL,-112.75,0.00,BGN,COMPLETED,477.50
CARD_PAYMENT,Current,2022-12-26 15:43:00,2022-12-27 17:08:53,Max Mark,-26.71,0.00,BGN,COMPLETED,450.79
CARD_PAYMENT,Current,2022-12-28 02:18:33,2022-12-28 13:38:09,Apple,-14.99,0.00,BGN,COMPLETED,435.80
CARD_PAYMENT,Current,2022-12-27 15:35:02,2022-12-28 17:16:07,MAX MARK,-32.50,0.00,BGN,COMPLETED,403.30
CARD_PAYMENT,Current,2022-12-27 16:11:55,2022-12-28 17:16:07,Maxmark Kasa Iv,-41.67,0.00,BGN,COMPLETED,361.63
CARD_PAYMENT,Current,2022-12-28 15:13:05,2022-12-29 13:40:43,Maks Mark,-31.56,0.00,BGN,COMPLETED,330.07
CARD_PAYMENT,Current,2022-12-23 14:45:28,2022-12-29 13:40:43,Maks Mark,-13.56,0.00,BGN,COMPLETED,316.51
CARD_PAYMENT,Current,2022-12-23 14:43:30,2022-12-29 13:40:43,Maks Mark,-14.20,0.00,BGN,COMPLETED,302.31
CARD_PAYMENT,Current,2022-12-28 13:18:01,2022-12-29 14:12:43,Apteka Salviya,-24.40,0.00,BGN,COMPLETED,277.91
TOPUP,Current,2022-12-29 15:47:46,2022-12-29 15:48:00,Top-Up by *8847,1000.00,0.00,BGN,COMPLETED,1277.91
CARD_PAYMENT,Current,2022-12-28 15:21:54,2022-12-29 17:17:56,Maxmark Kasa Iv,-47.62,0.00,BGN,COMPLETED,1230.29
CARD_PAYMENT,Current,2022-12-30 03:34:36,2022-12-30 06:45:26,HBO Max,-6.47,0.00,BGN,COMPLETED,1223.82
CARD_PAYMENT,Current,2022-12-29 15:51:20,2022-12-30 17:17:23,MAX MARK,-199.33,0.00,BGN,COMPLETED,1024.49
CARD_PAYMENT,Current,2022-12-31 09:57:04,2022-12-31 14:04:21,Nintendo,-35.85,0.36,BGN,COMPLETED,988.28
CARD_PAYMENT,Current,2022-12-31 09:44:34,2022-12-31 14:04:21,Nintendo,-7.63,0.08,BGN,COMPLETED,980.57
CARD_PAYMENT,Current,2022-12-31 09:41:45,2022-12-31 14:04:21,Nintendo,-39.18,0.39,BGN,COMPLETED,941.00
CARD_PAYMENT,Current,2022-12-30 15:50:18,2022-12-31 14:05:24,Apteka Salviya,-14.00,0.00,BGN,COMPLETED,927.00
CARD_PAYMENT,Current,2023-01-01 13:28:34,2023-01-02 03:15:15,Apple,-14.99,0.00,BGN,COMPLETED,912.01
CARD_PAYMENT,Current,2022-12-30 15:46:51,2023-01-02 17:08:45,MAX MARK,-55.06,0.00,BGN,COMPLETED,856.95
CARD_PAYMENT,Current,2023-01-02 13:30:28,2023-01-03 17:06:10,MAX MARK,-50.51,0.00,BGN,COMPLETED,806.44
CARD_PAYMENT,Current,2023-01-03 17:24:42,2023-01-04 17:11:46,MAX MARK,-23.57,0.00,BGN,COMPLETED,782.87
CARD_PAYMENT,Current,2023-01-04 17:48:36,2023-01-05 17:15:10,Max Mark,-16.43,0.00,BGN,COMPLETED,766.44
CARD_PAYMENT,Current,2023-01-05 17:37:16,2023-01-06 17:11:55,MAX MARK,-32.74,0.00,BGN,COMPLETED,733.70
CARD_PAYMENT,Current,2023-01-06 18:08:13,2023-01-09 17:21:06,MAX MARK,-44.88,0.00,BGN,COMPLETED,688.82
CARD_PAYMENT,Current,2023-01-06 14:16:51,2023-01-09 17:21:06,MAX MARK,-32.50,0.00,BGN,COMPLETED,656.32
CARD_PAYMENT,Current,2023-01-07 17:32:27,2023-01-09 17:21:06,MAX MARK,-6.50,0.00,BGN,COMPLETED,649.82
CARD_PAYMENT,Current,2023-01-09 16:42:20,2023-01-10 17:09:26,Max Mark Kasa 1,-30.27,0.00,BGN,COMPLETED,619.55
CARD_PAYMENT,Current,2023-01-10 07:10:15,2023-01-11 04:22:07,Apple,-9.99,0.00,BGN,COMPLETED,609.56
CARD_PAYMENT,Current,2023-01-10 17:48:04,2023-01-11 17:17:23,Maxmark Kasa Iv,-29.64,0.00,BGN,COMPLETED,579.92
CARD_PAYMENT,Current,2023-01-11 05:16:36,2023-01-12 09:31:11,Apple,-13.99,0.00,BGN,COMPLETED,565.93
CARD_PAYMENT,Current,2023-01-10 15:20:55,2023-01-12 09:31:11,Google Drive,-39.99,0.00,BGN,COMPLETED,525.94
CARD_PAYMENT,Current,2023-01-11 17:31:34,2023-01-12 13:28:41,Maks Mark,-5.66,0.00,BGN,COMPLETED,520.28
CARD_PAYMENT,Current,2023-01-11 17:42:35,2023-01-12 17:16:39,Max Mark Kasa 1,-46.43,0.00,BGN,COMPLETED,473.85
CARD_PAYMENT,Current,2023-01-12 17:37:12,2023-01-13 17:22:16,Max Mark,-13.98,0.00,BGN,COMPLETED,459.87
TOPUP,Current,2023-01-16 09:17:47,2023-01-16 09:18:02,Top-Up by *8847,1000.00,0.00,BGN,COMPLETED,1459.87
CARD_PAYMENT,Current,2023-01-16 09:21:28,2023-01-16 17:12:18,Google Drive,-39.99,0.00,BGN,COMPLETED,1419.88
CARD_PAYMENT,Current,2023-01-14 14:00:25,2023-01-16 17:13:10,Kaufland,-64.14,0.00,BGN,COMPLETED,1355.74
CARD_PAYMENT,Current,2023-01-13 17:16:30,2023-01-16 17:13:13,Max Mark,-45.78,0.00,BGN,COMPLETED,1309.96
CARD_PAYMENT,Current,2023-01-13 16:54:54,2023-01-16 17:13:13,MAX MARK,-32.50,0.00,BGN,COMPLETED,1277.46
CARD_PAYMENT,Current,2023-01-16 17:28:30,2023-01-17 17:19:56,Maxmark Kasa Iv,-20.24,0.00,BGN,COMPLETED,1257.22
CARD_PAYMENT,Current,2023-01-17 12:57:57,2023-01-18 13:12:57,Mat 2001 Ood,-99.98,0.00,BGN,COMPLETED,1157.24
CARD_PAYMENT,Current,2023-01-18 09:58:40,2023-01-18 17:15:32,Google Drive,-39.99,0.00,BGN,COMPLETED,1117.25
CARD_PAYMENT,Current,2023-01-17 16:14:17,2023-01-18 17:16:20,MAX MARK,-5.82,0.00,BGN,COMPLETED,1111.43
CARD_PAYMENT,Current,2023-01-17 15:06:48,2023-01-18 17:16:20,MAX MARK,-23.98,0.00,BGN,COMPLETED,1087.45
CARD_PAYMENT,Current,2023-01-18 08:03:37,2023-01-19 14:01:47,Amstan Hoteli Ad,-165.75,0.00,BGN,COMPLETED,921.70
CARD_PAYMENT,Current,2023-01-18 16:31:59,2023-01-19 17:32:03,Maxmark Kasa Iv,-42.26,0.00,BGN,COMPLETED,879.44
CARD_PAYMENT,Current,2023-01-20 11:17:35,2023-01-21 14:13:10,Apple,-18.99,0.00,BGN,COMPLETED,860.45
CARD_PAYMENT,Current,2023-01-20 16:24:00,2023-01-23 13:36:44,Maks Mark,-20.61,0.00,BGN,COMPLETED,839.84
CARD_PAYMENT,Current,2023-01-20 16:58:40,2023-01-23 17:21:42,MAX MARK,-40.96,0.00,BGN,COMPLETED,798.88
CARD_PAYMENT,Current,2023-01-21 13:26:33,2023-01-23 17:21:42,Maxmark Kasa Iv,-42.50,0.00,BGN,COMPLETED,756.38
CARD_PAYMENT,Current,2023-01-20 16:30:57,2023-01-23 17:21:43,MAX MARK,-32.50,0.00,BGN,COMPLETED,723.88
CARD_PAYMENT,Current,2023-01-23 11:23:03,2023-01-23 17:27:47,Sky,-3.90,0.00,BGN,COMPLETED,719.98
TOPUP,Current,2023-01-24 10:25:58,2023-01-24 10:26:10,Top-Up by *8847,1000.00,0.00,BGN,COMPLETED,1719.98
CARD_PAYMENT,Current,2023-01-23 18:19:27,2023-01-24 17:15:40,Adobe,-23.47,0.00,BGN,COMPLETED,1696.51
CARD_PAYMENT,Current,2023-01-23 17:19:59,2023-01-24 17:16:25,Max Mark Kasa 1,-17.65,0.00,BGN,COMPLETED,1678.86
CARD_PAYMENT,Current,2023-01-24 17:17:06,2023-01-25 17:19:26,Max Mark,-17.70,0.00,BGN,COMPLETED,1661.16
CARD_PAYMENT,Current,2023-01-25 17:32:14,2023-01-26 17:21:55,Maxmark Kasa Iv,-34.28,0.00,BGN,COMPLETED,1626.88
CARD_PAYMENT,Current,2023-01-26 17:26:06,2023-01-27 18:16:55,Max Mark,-32.56,0.00,BGN,COMPLETED,1594.32
CARD_PAYMENT,Current,2023-01-28 02:21:06,2023-01-29 05:05:41,Apple,-14.99,0.00,BGN,COMPLETED,1579.33
CARD_PAYMENT,Current,2023-01-30 03:25:41,2023-01-31 12:08:14,HBO Max,-6.48,0.00,BGN,COMPLETED,1572.85
CARD_PAYMENT,Current,2023-01-28 18:20:21,2023-01-31 14:09:25,Maxmark Kasa Iv,-20.48,0.00,BGN,COMPLETED,1552.37
CARD_PAYMENT,Current,2023-01-27 17:40:30,2023-01-31 14:09:25,MAX MARK,-55.11,0.00,BGN,COMPLETED,1497.26
CARD_PAYMENT,Current,2023-01-30 18:15:15,2023-01-31 14:43:30,PlayStation,-119.00,0.00,BGN,COMPLETED,1378.26
CARD_PAYMENT,Current,2023-01-30 14:06:51,2023-01-31 22:38:37,Maks Mark,-9.44,0.00,BGN,COMPLETED,1368.82
CARD_PAYMENT,Current,2023-01-30 15:04:01,2023-01-31 22:38:37,Maks Mark,-3.05,0.00,BGN,COMPLETED,1365.77
CARD_PAYMENT,Current,2023-01-30 17:44:08,2023-02-01 00:24:40,Max Mark Kasa 1,-23.57,0.00,BGN,COMPLETED,1342.20
CARD_PAYMENT,Current,2023-01-30 16:55:16,2023-02-01 00:24:40,MAX MARK,-45.50,0.00,BGN,COMPLETED,1296.70
CARD_PAYMENT,Current,2023-01-30 09:36:43,2023-02-01 00:26:48,A1.bg,-87.00,0.00,BGN,COMPLETED,1209.70
TOPUP,Current,2023-02-01 11:50:07,2023-02-01 11:50:22,Top-Up by *8847,1000.00,0.00,BGN,COMPLETED,2209.70
CARD_PAYMENT,Current,2023-01-31 17:22:56,2023-02-01 17:48:27,MAX MARK,-0.20,0.00,BGN,COMPLETED,2209.50
CARD_PAYMENT,Current,2023-01-31 17:22:31,2023-02-01 17:48:27,MAX MARK,-40.17,0.00,BGN,COMPLETED,2169.33
CARD_PAYMENT,Current,2023-02-01 13:21:56,2023-02-02 04:24:12,Apple,-14.99,0.00,BGN,COMPLETED,2154.34
CARD_PAYMENT,Current,2023-02-01 15:07:43,2023-02-02 13:14:04,Fantastico,-23.00,0.00,BGN,COMPLETED,2131.34
CARD_PAYMENT,Current,2023-02-01 16:02:54,2023-02-02 17:14:34,Reception 4,-726.00,0.00,BGN,COMPLETED,1405.34
CARD_PAYMENT,Current,2023-02-02 13:53:00,2023-02-03 13:45:43,Lidl,-66.99,0.00,BGN,COMPLETED,1338.35
CARD_PAYMENT,Current,2023-02-05 09:55:18,2023-02-05 17:23:43,SMS-MAN,-18.17,0.18,BGN,COMPLETED,1320.00
CARD_PAYMENT,Current,2023-02-05 13:15:25,2023-02-07 13:50:02,Max Mark Kasa 1,-51.82,0.00,BGN,COMPLETED,1268.18
CARD_PAYMENT,Current,2023-02-04 10:46:37,2023-02-07 13:51:02,Reception 4,-39.00,0.00,BGN,COMPLETED,1229.18
CARD_PAYMENT,Current,2023-02-06 17:11:12,2023-02-07 17:16:15,MAX MARK,-17.97,0.00,BGN,COMPLETED,1211.21
CARD_PAYMENT,Current,2023-02-07 17:44:26,2023-02-08 17:18:33,MAX MARK,-26.71,0.00,BGN,COMPLETED,1184.50
CARD_PAYMENT,Current,2023-02-08 15:55:58,2023-02-09 14:37:09,Apteka Salviya,-36.98,0.00,BGN,COMPLETED,1147.52
CARD_PAYMENT,Current,2023-02-08 15:57:08,2023-02-09 17:13:27,MAX MARK,-32.50,0.00,BGN,COMPLETED,1115.02
CARD_PAYMENT,Current,2023-02-08 17:20:38,2023-02-09 17:13:27,Maxmark Kasa 2,-31.81,0.00,BGN,COMPLETED,1083.21
CARD_PAYMENT,Current,2023-02-09 17:52:21,2023-02-10 18:15:41,Maxmark Kasa Iv,-29.62,0.00,BGN,COMPLETED,1053.59
CARD_PAYMENT,Current,2023-02-10 07:13:12,2023-02-11 04:36:37,Apple,-9.99,0.00,BGN,COMPLETED,1043.60
CARD_PAYMENT,Current,2023-02-10 17:27:50,2023-02-11 13:20:17,Mat 2001 Ood,-49.98,0.00,BGN,COMPLETED,993.62
CARD_PAYMENT,Current,2023-02-12 09:49:24,2023-02-12 17:25:18,X6lsgqpsr2,-19.58,0.20,BGN,COMPLETED,973.84
CARD_PAYMENT,Current,2023-02-10 17:08:49,2023-02-13 17:25:25,MAX MARK,-14.40,0.00,BGN,COMPLETED,959.44
CARD_PAYMENT,Current,2023-02-10 16:45:37,2023-02-13 17:25:25,MAX MARK,-27.92,0.00,BGN,COMPLETED,931.52
CARD_PAYMENT,Current,2023-02-13 17:21:01,2023-02-14 17:15:58,Max Mark,-12.48,0.00,BGN,COMPLETED,919.04
CARD_PAYMENT,Current,2023-02-12 19:13:53,2023-02-14 17:24:01,Amazon,-114.81,1.15,BGN,COMPLETED,803.08
CARD_PAYMENT,Current,2023-02-14 16:56:42,2023-02-15 17:19:14,Maxmark Kasa Iv,-33.31,0.00,BGN,COMPLETED,769.77
CARD_PAYMENT,Current,2023-02-15 17:40:39,2023-02-16 17:33:18,Max Mark Kasa 1,-30.46,0.00,BGN,COMPLETED,739.31
CARD_PAYMENT,Current,2023-02-16 17:31:00,2023-02-17 17:34:05,Max Mark Kasa 1,-35.86,0.00,BGN,COMPLETED,703.45
CARD_PAYMENT,Current,2023-02-18 13:49:26,2023-02-20 13:20:52,Veles Food,-1.15,0.00,BGN,COMPLETED,702.30
CARD_PAYMENT,Current,2023-02-17 15:37:10,2023-02-20 17:12:49,MAX MARK,-32.50,0.00,BGN,COMPLETED,669.80
CARD_PAYMENT,Current,2023-02-17 17:09:00,2023-02-20 17:12:49,Max Mark,-58.83,0.00,BGN,COMPLETED,610.97
CARD_PAYMENT,Current,2023-02-18 13:13:36,2023-02-20 17:12:49,Maxmark Kasa Iv,-29.09,0.00,BGN,COMPLETED,581.88
CARD_PAYMENT,Current,2023-02-20 11:14:11,2023-02-21 04:16:12,Apple,-18.99,0.00,BGN,COMPLETED,562.89
CARD_PAYMENT,Current,2023-02-20 17:12:44,2023-02-21 17:27:51,Max Mark,-28.05,0.00,BGN,COMPLETED,534.84
CARD_PAYMENT,Current,2023-02-21 17:32:03,2023-02-22 18:15:20,Max Mark Kasa 1,-17.50,0.00,BGN,COMPLETED,517.34
CARD_PAYMENT,Current,2023-02-22 17:18:46,2023-02-23 17:24:23,Max Mark Kasa 1,-26.01,0.00,BGN,COMPLETED,491.33
CARD_PAYMENT,Current,2023-02-23 11:22:34,2023-02-23 17:31:33,Sky,-3.90,0.00,BGN,COMPLETED,487.43
CARD_PAYMENT,Current,2023-02-23 16:25:45,2023-02-24 17:26:10,Adobe,-23.48,0.00,BGN,COMPLETED,463.95
CARD_PAYMENT,Current,2023-02-23 17:29:03,2023-02-24 17:26:56,Maxmark Kasa Iv,-21.62,0.00,BGN,COMPLETED,442.33
CARD_PAYMENT,Current,2023-02-23 16:30:43,2023-02-24 17:26:56,MAX MARK,-32.50,0.00,BGN,COMPLETED,409.83
CARD_PAYMENT,Current,2023-02-23 17:36:28,2023-02-24 17:26:58,LUKOIL,-135.59,0.00,BGN,COMPLETED,274.24
CARD_PAYMENT,Current,2023-02-25 13:37:27,2023-02-27 17:52:41,Maxmark Kasa Iv,-74.74,0.00,BGN,COMPLETED,199.50
CARD_PAYMENT,Current,2023-02-24 17:28:49,2023-02-27 17:52:41,Max Mark Kasa 1,-65.04,0.00,BGN,COMPLETED,134.46
CARD_PAYMENT,Current,2023-02-24 15:46:36,2023-02-27 17:54:46,Maks Mark,-24.19,0.00,BGN,COMPLETED,110.27
CARD_PAYMENT,Current,2023-02-27 10:32:36,2023-02-28 04:27:30,Apple,-14.99,0.00,BGN,COMPLETED,95.28
CARD_PAYMENT,Current,2023-02-28 06:42:54,2023-02-28 14:33:39,HBO Max,-6.47,0.00,BGN,COMPLETED,88.81
CARD_PAYMENT,Current,2023-02-27 17:32:07,2023-02-28 17:36:32,Maxmark Kasa 2,-13.22,0.00,BGN,COMPLETED,75.59
TOPUP,Current,2023-03-01 08:14:28,2023-03-01 08:14:39,Top-Up by *8847,1000.00,0.00,BGN,COMPLETED,1075.59
CARD_PAYMENT,Current,2023-02-28 17:24:17,2023-03-01 19:08:02,Max Mark Kasa 1,-25.51,0.00,BGN,COMPLETED,1050.08
CARD_PAYMENT,Current,2023-03-01 17:01:56,2023-03-02 18:09:21,Max Mark Kasa 1,-33.44,0.00,BGN,COMPLETED,1016.64
CARD_PAYMENT,Current,2023-03-01 13:21:53,2023-03-03 04:16:53,Apple,-14.99,0.00,BGN,COMPLETED,1001.65
CARD_PAYMENT,Current,2023-03-02 17:20:12,2023-03-03 18:12:14,MAX MARK,-14.80,0.00,BGN,COMPLETED,986.85
CARD_PAYMENT,Current,2023-03-03 14:06:24,2023-03-04 15:21:54,Apteka Salviya,-8.40,0.00,BGN,COMPLETED,978.45
CARD_PAYMENT,Current,2023-03-04 13:17:58,2023-03-06 17:12:24,Max Mark Kasa 1,-47.93,0.00,BGN,COMPLETED,930.52
CARD_PAYMENT,Current,2023-03-04 13:10:54,2023-03-06 17:12:24,MAX MARK,-32.50,0.00,BGN,COMPLETED,898.02
CARD_PAYMENT,Current,2023-03-03 16:42:14,2023-03-06 17:12:24,Maxmark Kasa Iv,-40.54,0.00,BGN,COMPLETED,857.48
CARD_PAYMENT,Current,2023-03-06 16:58:57,2023-03-07 17:12:35,Maxmark Kasa Iv,-35.99,0.00,BGN,COMPLETED,821.49
CARD_PAYMENT,Current,2023-03-07 17:10:27,2023-03-08 17:22:16,MAX MARK,-30.36,0.00,BGN,COMPLETED,791.13
CARD_PAYMENT,Current,2023-03-08 17:04:46,2023-03-09 18:00:28,Maxmark Kasa 2,-29.94,0.00,BGN,COMPLETED,761.19
CARD_PAYMENT,Current,2023-03-09 17:50:28,2023-03-10 22:31:05,Maxmark Kasa Iv,-34.75,0.00,BGN,COMPLETED,726.44
CARD_PAYMENT,Current,2023-03-10 07:10:01,2023-03-11 04:30:49,Apple,-9.99,0.00,BGN,COMPLETED,716.45
CARD_PAYMENT,Current,2023-03-10 19:05:11,2023-03-11 04:46:35,PlayStation,-14.30,0.00,BGN,COMPLETED,702.15
CARD_PAYMENT,Current,2023-03-13 17:57:27,2023-03-14 03:45:27,PlayStation,-139.90,0.00,BGN,COMPLETED,562.25
CARD_PAYMENT,Current,2023-03-11 13:33:44,2023-03-14 12:03:31,MAX MARK,-40.17,0.00,BGN,COMPLETED,522.08
CARD_PAYMENT,Current,2023-03-10 15:49:30,2023-03-14 12:03:31,MAX MARK,-32.50,0.00,BGN,COMPLETED,489.58
CARD_PAYMENT,Current,2023-03-10 16:42:03,2023-03-14 12:03:31,Maxmark Kasa Iv,-22.82,0.00,BGN,COMPLETED,466.76
CARD_PAYMENT,Current,2023-03-10 16:49:49,2023-03-14 12:03:41,LUKOIL,-116.57,0.00,BGN,COMPLETED,350.19
CARD_PAYMENT,Current,2023-03-13 17:26:08,2023-03-14 17:48:09,Max Mark Kasa 1,-35.79,0.00,BGN,COMPLETED,314.40
CARD_PAYMENT,Current,2023-03-14 17:29:07,2023-03-16 10:16:55,Maxmark Kasa Iv,-26.65,0.00,BGN,COMPLETED,287.75
CARD_PAYMENT,Current,2023-03-15 17:41:51,2023-03-16 17:45:18,Maxmark Kasa Iv,-25.81,0.00,BGN,COMPLETED,261.94
CARD_PAYMENT,Current,2023-03-16 17:21:56,2023-03-17 18:57:32,Max Mark Kasa 1,-34.03,0.00,BGN,COMPLETED,227.91
TOPUP,Current,2023-03-18 14:32:09,2023-03-18 14:32:26,Top-Up by *8847,1000.00,0.00,BGN,COMPLETED,1227.91
CARD_PAYMENT,Current,2023-03-18 14:17:14,2023-03-20 12:49:12,Apple,-21.99,0.00,BGN,COMPLETED,1205.92
CARD_PAYMENT,Current,2023-03-17 15:49:44,2023-03-21 06:16:49,Max Mark,-44.04,0.00,BGN,COMPLETED,1161.88
CARD_PAYMENT,Current,2023-03-18 13:15:03,2023-03-21 06:16:49,MAX MARK,-68.79,0.00,BGN,COMPLETED,1093.09
CARD_PAYMENT,Current,2023-03-18 13:04:48,2023-03-21 06:16:50,MAX MARK,-32.50,0.00,BGN,COMPLETED,1060.59
CARD_PAYMENT,Current,2023-03-20 10:15:34,2023-03-21 08:25:48,Apple,-18.99,0.00,BGN,COMPLETED,1041.60
CARD_PAYMENT,Current,2023-03-20 17:19:00,2023-03-21 16:22:13,Max Mark Kasa 1,-19.44,0.00,BGN,COMPLETED,1022.16
CARD_PAYMENT,Current,2023-03-21 06:35:34,2023-03-21 16:37:39,OpenAI,-43.88,0.00,BGN,COMPLETED,978.28
CARD_PAYMENT,Current,2023-03-21 17:08:09,2023-03-22 16:31:36,MAX MARK,-36.59,0.00,BGN,COMPLETED,941.69
CARD_PAYMENT,Current,2023-03-22 17:24:16,2023-03-23 16:22:00,Max Mark,-35.67,0.00,BGN,COMPLETED,906.02
CARD_PAYMENT,Current,2023-03-23 11:22:31,2023-03-23 16:34:46,Sky,-3.90,0.00,BGN,COMPLETED,902.12
CARD_PAYMENT,Current,2023-03-23 17:41:30,2023-03-24 17:04:02,Adobe,-23.48,0.00,BGN,COMPLETED,878.64
CARD_PAYMENT,Current,2023-03-23 17:51:45,2023-03-24 17:04:42,MAX MARK,-35.83,0.00,BGN,COMPLETED,842.81
CARD_PAYMENT,Current,2023-03-26 14:05:30,2023-03-27 06:23:00,PayPal,-154.78,1.55,BGN,COMPLETED,686.48
CARD_PAYMENT,Current,2023-03-24 17:27:23,2023-03-27 18:16:30,MAX MARK,-32.50,0.00,BGN,COMPLETED,653.98
CARD_PAYMENT,Current,2023-03-24 17:39:58,2023-03-27 18:16:30,MAX MARK,-25.47,0.00,BGN,COMPLETED,628.51
CARD_PAYMENT,Current,2023-03-25 13:27:14,2023-03-27 18:16:30,MAX MARK,-42.29,0.00,BGN,COMPLETED,586.22
CARD_PAYMENT,Current,2023-03-24 17:46:21,2023-03-27 18:16:40,LUKOIL,-119.79,0.00,BGN,COMPLETED,466.43
CARD_PAYMENT,Current,2023-03-28 02:20:38,2023-03-28 13:30:01,Apple,-14.99,0.00,BGN,COMPLETED,451.44
CARD_PAYMENT,Current,2023-03-27 17:30:19,2023-03-28 17:28:46,Max Mark Kasa 1,-33.76,0.00,BGN,COMPLETED,417.68
CARD_PAYMENT,Current,2023-03-28 17:30:38,2023-03-29 17:31:16,Maxmark Kasa 2,-24.34,0.00,BGN,COMPLETED,393.34
CARD_PAYMENT,Current,2023-03-29 16:43:55,2023-03-30 13:57:35,Maks Mark,-41.89,0.00,BGN,COMPLETED,351.45
CARD_PAYMENT,Current,2023-03-30 04:37:17,2023-03-30 14:31:01,HBO Max,-6.47,0.00,BGN,COMPLETED,344.98
CARD_PAYMENT,Current,2023-03-29 17:20:32,2023-03-30 17:10:44,Maxmark Kasa Iv,-29.08,0.00,BGN,COMPLETED,315.90
CARD_PAYMENT,Current,2023-03-30 17:26:41,2023-03-31 18:27:23,Maxmark Kasa Iv,-32.60,0.00,BGN,COMPLETED,283.30
CARD_PAYMENT,Current,2023-04-01 13:22:38,2023-04-02 04:40:44,Apple,-14.99,0.00,BGN,COMPLETED,268.31
CARD_PAYMENT,Current,2023-03-31 17:16:15,2023-04-03 17:14:22,Maxmark Kasa Iv,-27.65,0.00,BGN,COMPLETED,240.66
CARD_PAYMENT,Current,2023-03-31 16:05:37,2023-04-03 17:14:22,MAX MARK,-32.50,0.00,BGN,COMPLETED,208.16
CARD_PAYMENT,Current,2023-04-01 13:46:05,2023-04-03 17:14:22,Maxmark Kasa Iv,-53.43,0.00,BGN,COMPLETED,154.73
CARD_PAYMENT,Current,2023-04-03 17:54:26,2023-04-04 17:11:11,Maxmark Kasa Iv,-33.93,0.00,BGN,COMPLETED,120.80
TOPUP,Current,2023-04-04 17:15:10,2023-04-04 17:15:17,Auto Top-Up by *8847,500.00,0.00,BGN,COMPLETED,620.80
CARD_PAYMENT,Current,2023-04-04 17:15:06,2023-04-05 18:12:58,Maxmark Kasa Iv,-33.22,0.00,BGN,COMPLETED,587.58
CARD_PAYMENT,Current,2023-04-05 17:18:40,2023-04-06 18:30:44,Max Mark Kasa 1,-34.90,0.00,BGN,COMPLETED,552.68
CARD_PAYMENT,Current,2023-04-06 14:58:36,2023-04-07 18:27:02,MAX MARK,-32.50,0.00,BGN,COMPLETED,520.18
TOPUP,Current,2023-04-08 13:15:27,2023-04-08 13:15:30,Auto Top-Up by *8847,500.00,0.00,BGN,COMPLETED,1020.18
CARD_PAYMENT,Current,2023-04-08 06:06:17,2023-04-08 14:34:25,Economedia,-288.00,0.00,BGN,COMPLETED,732.18
CARD_PAYMENT,Current,2023-04-08 19:49:37,2023-04-09 04:35:14,Gh4a8pbsr2,-39.16,0.39,BGN,COMPLETED,692.63
CARD_PAYMENT,Current,2023-04-10 07:09:42,2023-04-10 17:20:36,Apple,-9.99,0.00,BGN,COMPLETED,682.64
CARD_PAYMENT,Current,2023-04-07 16:39:15,2023-04-10 17:21:44,Max Mark Kasa 1,-59.51,0.00,BGN,COMPLETED,623.13
CARD_PAYMENT,Current,2023-04-08 13:15:26,2023-04-10 17:21:44,Maxmark Kasa Iv,-54.31,0.00,BGN,COMPLETED,568.82
CARD_PAYMENT,Current,2023-04-10 17:24:15,2023-04-11 17:25:15,MAX MARK,-22.09,0.00,BGN,COMPLETED,546.73
CARD_PAYMENT,Current,2023-04-11 17:52:14,2023-04-12 17:33:08,Maxmark Kasa Iv,-12.93,0.00,BGN,COMPLETED,533.80
CARD_PAYMENT,Current,2023-04-12 17:05:20,2023-04-13 18:29:58,Max Mark,-39.28,0.00,BGN,COMPLETED,494.52
CARD_PAYMENT,Current,2023-04-13 16:36:13,2023-04-14 18:01:25,Maxmark Kasa Iv,-10.87,0.00,BGN,COMPLETED,483.65
CARD_PAYMENT,Current,2023-04-13 14:18:32,2023-04-14 18:01:25,MAX MARK,-32.50,0.00,BGN,COMPLETED,451.15
CARD_PAYMENT,Current,2023-04-14 13:49:00,2023-04-15 16:58:16,Apteka Salviya,-26.50,0.00,BGN,COMPLETED,424.65
CARD_PAYMENT,Current,2023-04-15 18:03:36,2023-04-16 03:09:41,Apple,-12.99,0.00,BGN,COMPLETED,411.66
CARD_PAYMENT,Current,2023-04-15 18:43:30,2023-04-16 03:09:42,Apple,-1.99,0.00,BGN,COMPLETED,409.67
CARD_PAYMENT,Current,2023-04-15 21:19:34,2023-04-16 07:26:57,Apple,-1.99,0.00,BGN,COMPLETED,407.68
CARD_PAYMENT,Current,2023-04-16 19:24:55,2023-04-17 04:43:10,Google,-59.99,0.00,BGN,COMPLETED,347.69
CARD_PAYMENT,Current,2023-04-14 16:08:29,2023-04-17 18:15:02,MAX MARK,-40.65,0.00,BGN,COMPLETED,307.04
CARD_PAYMENT,Current,2023-04-15 13:24:01,2023-04-17 18:15:02,Maxmark Kasa 2,-0.20,0.00,BGN,COMPLETED,306.84
CARD_PAYMENT,Current,2023-04-15 13:20:50,2023-04-17 18:15:02,Maxmark Kasa Iv,-99.52,0.00,BGN,COMPLETED,207.32
CARD_PAYMENT,Current,2023-04-17 13:33:54,2023-04-18 14:21:34,Juppi,-31.06,0.00,BGN,COMPLETED,176.26
TOPUP,Current,2023-04-19 17:07:00,2023-04-19 17:07:12,Auto Top-Up by *8847,500.00,0.00,BGN,COMPLETED,676.26
CARD_PAYMENT,Current,2023-04-18 17:24:44,2023-04-19 17:40:18,Maxmark Kasa Iv,-34.10,0.00,BGN,COMPLETED,642.16
CARD_PAYMENT,Current,2023-04-19 17:16:10,2023-04-20 17:59:22,Max Mark Kasa 1,-31.30,0.00,BGN,COMPLETED,610.86
CARD_PAYMENT,Current,2023-04-19 17:06:57,2023-04-20 17:59:22,MAX MARK,-32.50,0.00,BGN,COMPLETED,578.36
CARD_PAYMENT,Current,2023-04-20 11:13:53,2023-04-21 04:34:48,Apple,-18.99,0.00,BGN,COMPLETED,559.37
CARD_PAYMENT,Current,2023-04-20 14:47:07,2023-04-21 13:17:55,Juppi,-1.49,0.00,BGN,COMPLETED,557.88
CARD_PAYMENT,Current,2023-04-20 15:31:36,2023-04-21 13:57:23,Apteka Salviya,-17.70,0.00,BGN,COMPLETED,540.18
CARD_PAYMENT,Current,2023-04-20 17:06:54,2023-04-21 18:34:07,MAX MARK,-47.56,0.00,BGN,COMPLETED,492.62
CARD_PAYMENT,Current,2023-04-20 08:57:15,2023-04-21 18:34:10,LUKOIL,-115.78,0.00,BGN,COMPLETED,376.84
CARD_PAYMENT,Current,2023-04-21 08:37:25,2023-04-21 18:52:55,OpenAI,-42.89,0.00,BGN,COMPLETED,333.95
TOPUP,Current,2023-04-23 09:35:50,2023-04-23 09:36:05,Top-Up by *8847,1000.00,0.00,BGN,COMPLETED,1333.95
CARD_PAYMENT,Current,2023-04-23 12:22:31,2023-04-24 04:41:29,Sky,-3.91,0.04,BGN,COMPLETED,1330.00
CARD_PAYMENT,Current,2023-04-23 09:53:40,2023-04-24 07:37:51,Bergfreunde,-490.25,4.90,BGN,COMPLETED,834.85
CARD_PAYMENT,Current,2023-04-23 16:36:20,2023-04-24 17:17:18,Adobe,-23.52,0.24,BGN,COMPLETED,811.09
CARD_PAYMENT,Current,2023-04-22 13:28:15,2023-04-24 17:18:18,MAX MARK,-37.30,0.00,BGN,COMPLETED,773.79
CARD_PAYMENT,Current,2023-04-21 17:01:57,2023-04-24 17:18:18,Maxmark Kasa Iv,-58.98,0.00,BGN,COMPLETED,714.81
CARD_PAYMENT,Current,2023-04-24 17:36:09,2023-04-25 17:23:42,MAX MARK,-51.88,0.00,BGN,COMPLETED,662.93
CARD_PAYMENT,Current,2023-04-25 17:17:17,2023-04-26 17:34:11,MAX MARK,-12.64,0.00,BGN,COMPLETED,650.29
CARD_PAYMENT,Current,2023-04-26 19:32:14,2023-04-27 13:31:44,Juppi,-35.27,0.00,BGN,COMPLETED,615.02
CARD_PAYMENT,Current,2023-04-26 14:33:22,2023-04-27 18:38:26,MAX MARK,-32.50,0.00,BGN,COMPLETED,582.52
CARD_PAYMENT,Current,2023-04-28 02:19:12,2023-04-28 14:33:03,Apple,-14.99,0.00,BGN,COMPLETED,567.53
CARD_PAYMENT,Current,2023-04-27 17:32:35,2023-04-28 19:01:48,MAX MARK,-30.70,0.00,BGN,COMPLETED,536.83
CARD_PAYMENT,Current,2023-04-27 17:21:22,2023-04-28 19:03:19,Maks Mark,-5.20,0.00,BGN,COMPLETED,531.63
CARD_PAYMENT,Current,2023-04-29 20:12:13,2023-04-30 04:28:40,Apple,-23.99,0.00,BGN,COMPLETED,507.64
CARD_PAYMENT,Current,2023-04-30 04:43:36,2023-04-30 13:53:27,HBO Max,-6.47,0.06,BGN,COMPLETED,501.11
CARD_PAYMENT,Current,2023-04-29 13:39:33,2023-05-01 18:17:24,Maxmark Kasa 2,-106.80,0.00,BGN,COMPLETED,394.31
CARD_PAYMENT,Current,2023-04-28 17:34:05,2023-05-01 18:17:24,MAX MARK,-41.98,0.00,BGN,COMPLETED,352.33
CARD_PAYMENT,Current,2023-05-01 13:21:48,2023-05-02 04:30:36,Apple,-14.99,0.00,BGN,COMPLETED,337.34
CARD_PAYMENT,Current,2023-05-01 17:08:20,2023-05-02 13:46:57,Juppi,-42.89,0.00,BGN,COMPLETED,294.45
CARD_PAYMENT,Current,2023-05-02 16:23:13,2023-05-03 19:13:47,MAX MARK,-32.50,0.00,BGN,COMPLETED,261.95
CARD_PAYMENT,Current,2023-05-02 17:27:27,2023-05-03 19:13:47,Maxmark Kasa Iv,-9.85,0.00,BGN,COMPLETED,252.10
CARD_PAYMENT,Current,2023-05-03 17:17:25,2023-05-04 18:54:45,MAX MARK,-27.87,0.00,BGN,COMPLETED,224.23
CARD_PAYMENT,Current,2023-05-03 14:44:44,2023-05-04 18:54:45,Maxmark Kasa Iv,-1.49,0.00,BGN,COMPLETED,222.74
CARD_PAYMENT,Current,2023-05-04 17:05:05,2023-05-05 19:19:13,Maxmark Kasa Iv,-41.62,0.00,BGN,COMPLETED,181.12
TOPUP,Current,2023-05-06 11:53:47,2023-05-06 11:53:49,Auto Top-Up by *8847,500.00,0.00,BGN,COMPLETED,681.12
CARD_PAYMENT,Current,2023-05-05 17:24:37,2023-05-09 04:34:47,Maxmark Kasa Iv,-55.03,0.00,BGN,COMPLETED,626.09
CARD_PAYMENT,Current,2023-05-06 11:53:46,2023-05-09 04:34:48,MAX MARK,-57.00,0.00,BGN,COMPLETED,569.09
CARD_PAYMENT,Current,2023-05-08 16:55:49,2023-05-09 18:40:03,MAX MARK,-32.50,0.00,BGN,COMPLETED,536.59
CARD_PAYMENT,Current,2023-05-08 14:10:22,2023-05-09 18:40:03,MAX MARK,-1.49,0.00,BGN,COMPLETED,535.10
CARD_PAYMENT,Current,2023-05-08 17:08:25,2023-05-09 18:40:03,Maxmark Kasa Iv,-45.50,0.00,BGN,COMPLETED,489.60
CARD_PAYMENT,Current,2023-05-08 17:17:00,2023-05-09 18:41:40,LUKOIL,-121.52,0.00,BGN,COMPLETED,368.08
CARD_PAYMENT,Current,2023-05-10 07:09:32,2023-05-10 18:47:55,Apple,-9.99,0.00,BGN,COMPLETED,358.09
CARD_PAYMENT,Current,2023-05-09 17:43:13,2023-05-11 04:25:41,Maxmark Kasa 2,-34.91,0.00,BGN,COMPLETED,323.18
CARD_PAYMENT,Current,2023-05-10 17:14:11,2023-05-11 19:09:23,Max Mark Kasa 1,-22.93,0.00,BGN,COMPLETED,300.25
CARD_PAYMENT,Current,2023-05-10 15:14:37,2023-05-11 19:09:23,Maxmark Kasa Iv,-1.49,0.00,BGN,COMPLETED,298.76
CARD_PAYMENT,Current,2023-05-11 17:20:53,2023-05-12 15:03:48,Apteka Salviya,-9.10,0.00,BGN,COMPLETED,289.66
CARD_PAYMENT,Current,2023-05-11 17:32:05,2023-05-12 19:17:51,Maxmark Kasa Iv,-47.71,0.00,BGN,COMPLETED,241.95
CARD_PAYMENT,Current,2023-05-13 21:05:24,2023-05-14 14:59:44,Apple,-10.99,0.00,BGN,COMPLETED,230.96
CARD_PAYMENT,Current,2023-05-13 21:06:46,2023-05-14 14:59:44,Apple,-10.99,0.00,BGN,COMPLETED,219.97
TOPUP,Current,2023-05-15 17:30:38,2023-05-15 17:30:42,Auto Top-Up by *8847,500.00,0.00,BGN,COMPLETED,719.97
CARD_PAYMENT,Current,2023-05-12 17:17:08,2023-05-15 19:03:02,Maxmark Kasa Iv,-34.36,0.00,BGN,COMPLETED,685.61
CARD_PAYMENT,Current,2023-05-13 13:27:23,2023-05-15 19:03:02,Maxmark Kasa Iv,-33.42,0.00,BGN,COMPLETED,652.19
CARD_PAYMENT,Current,2023-05-15 17:40:42,2023-05-16 18:42:59,Maxmark Kasa Iv,-37.40,0.00,BGN,COMPLETED,614.79
CARD_PAYMENT,Current,2023-05-15 17:30:37,2023-05-16 18:42:59,MAX MARK,-32.50,0.00,BGN,COMPLETED,582.29
CARD_PAYMENT,Current,2023-05-16 17:27:19,2023-05-17 18:57:12,Max Mark Kasa 1,-43.14,0.00,BGN,COMPLETED,539.15
CARD_PAYMENT,Current,2023-05-16 15:16:30,2023-05-18 04:34:48,Google Drive,-39.99,0.00,BGN,COMPLETED,499.16
CARD_PAYMENT,Current,2023-05-17 16:47:36,2023-05-18 19:20:29,Max Mark Kasa 1,-35.53,0.00,BGN,COMPLETED,463.63
TOPUP,Current,2023-05-19 17:11:07,2023-05-19 17:11:11,Auto Top-Up by *8847,500.00,0.00,BGN,COMPLETED,963.63
CARD_PAYMENT,Current,2023-05-18 17:57:09,2023-05-19 18:24:00,Max Mark Kasa 1,-26.95,0.00,BGN,COMPLETED,936.68
CARD_PAYMENT,Current,2023-05-17 09:42:10,2023-05-20 04:43:31,Amazon,-245.07,0.00,BGN,COMPLETED,691.61
CARD_PAYMENT,Current,2023-05-19 16:58:20,2023-05-20 15:58:47,Apteka Salviya,-40.04,0.00,BGN,COMPLETED,651.57
CARD_PAYMENT,Current,2023-05-20 11:14:36,2023-05-21 04:24:11,Apple,-18.99,0.00,BGN,COMPLETED,632.58
CARD_PAYMENT,Current,2023-05-21 08:38:02,2023-05-21 20:08:16,OpenAI,-43.51,0.44,BGN,COMPLETED,588.63
CARD_PAYMENT,Current,2023-05-21 12:56:55,2023-05-22 15:09:41,Juppi,-20.85,0.00,BGN,COMPLETED,567.78
CARD_PAYMENT,Current,2023-05-21 12:57:49,2023-05-22 18:25:53,MAX MARK,-32.50,0.00,BGN,COMPLETED,535.28
CARD_PAYMENT,Current,2023-05-19 17:11:06,2023-05-22 18:25:53,Maxmark Kasa Iv,-49.05,0.00,BGN,COMPLETED,486.23
CARD_PAYMENT,Current,2023-05-22 10:16:21,2023-05-23 15:24:25,OMV,-3.29,0.00,BGN,COMPLETED,482.94
CARD_PAYMENT,Current,2023-05-22 07:59:09,2023-05-23 18:04:49,Max Mark Kasa 1,-1.65,0.00,BGN,COMPLETED,481.29
CARD_PAYMENT,Current,2023-05-22 16:32:36,2023-05-23 18:04:49,MAX MARK,-14.82,0.00,BGN,COMPLETED,466.47
CARD_PAYMENT,Current,2023-05-23 12:22:34,2023-05-23 18:11:56,Sky,-3.90,0.00,BGN,COMPLETED,462.57
CARD_PAYMENT,Current,2023-05-23 17:13:27,2023-05-24 18:38:57,Adobe,-23.48,0.00,BGN,COMPLETED,439.09
CARD_PAYMENT,Current,2023-05-23 17:22:52,2023-05-24 18:39:47,MAX MARK,-30.07,0.00,BGN,COMPLETED,409.02
TOPUP,Current,2023-05-26 09:00:10,2023-05-26 09:00:31,Top-Up by *8847,1000.00,0.00,BGN,COMPLETED,1409.02
CARD_PAYMENT,Current,2023-05-25 17:43:06,2023-05-26 13:21:17,Dijoni,-8.98,0.00,BGN,COMPLETED,1400.04
CARD_PAYMENT,Current,2023-05-25 18:39:17,2023-05-26 13:21:17,Dijoni,-5.69,0.00,BGN,COMPLETED,1394.35
CARD_PAYMENT,Current,2023-05-25 13:24:48,2023-05-26 19:27:32,Maxmark Kasa Iv,-1.65,0.00,BGN,COMPLETED,1392.70
CARD_PAYMENT,Current,2023-05-26 08:30:07,2023-05-27 16:56:03,Apteka Salviya,-54.15,0.00,BGN,COMPLETED,1338.55
CARD_PAYMENT,Current,2023-05-26 08:59:19,2023-05-27 17:35:54,Mobilfox,-61.75,0.00,BGN,COMPLETED,1276.80
CARD_PAYMENT,Current,2023-05-28 02:18:16,2023-05-29 04:37:41,Apple,-14.99,0.00,BGN,COMPLETED,1261.81
CARD_PAYMENT,Current,2023-05-28 15:14:22,2023-05-29 18:38:17,Maxmark Kasa 2,-24.81,0.00,BGN,COMPLETED,1237.00
CARD_PAYMENT,Current,2023-05-29 17:37:52,2023-05-30 15:36:59,Juppi,-2.60,0.00,BGN,COMPLETED,1234.40
CARD_PAYMENT,Current,2023-05-29 17:32:34,2023-05-30 15:36:59,Juppi,-30.75,0.00,BGN,COMPLETED,1203.65
CARD_PAYMENT,Current,2023-05-30 04:25:03,2023-05-30 16:28:23,HBO Max,-6.47,0.00,BGN,COMPLETED,1197.18
CARD_PAYMENT,Current,2023-05-29 17:33:57,2023-05-30 19:56:41,MAX MARK,-32.50,0.00,BGN,COMPLETED,1164.68
CARD_PAYMENT,Current,2023-05-30 17:42:10,2023-05-31 15:46:48,Juppi,-16.02,0.00,BGN,COMPLETED,1148.66
CARD_PAYMENT,Current,2023-05-26 09:23:20,2023-06-01 08:20:45,HUGO BOSS,-835.00,0.00,BGN,COMPLETED,313.66
CARD_PAYMENT,Current,2023-06-01 13:22:38,2023-06-02 04:31:29,Apple,-14.99,0.00,BGN,COMPLETED,298.67
TOPUP,Current,2023-06-02 17:21:22,2023-06-02 17:21:33,Auto Top-Up by *8847,500.00,0.00,BGN,COMPLETED,798.67
TOPUP,Current,2023-06-02 19:16:10,2023-06-02 19:16:23,Top-Up by *8847,1000.00,0.00,BGN,COMPLETED,1798.67
CARD_PAYMENT,Current,2023-06-01 17:23:58,2023-06-02 21:44:46,Max Mark,-65.06,0.00,BGN,COMPLETED,1733.61
CARD_PAYMENT,Current,2023-06-01 13:29:41,2023-06-02 21:45:22,Borica Ad,-36.00,0.00,BGN,COMPLETED,1697.61
CARD_PAYMENT,Current,2023-06-02 14:04:16,2023-06-03 18:21:45,Max Mark,-35.80,0.00,BGN,COMPLETED,1661.81
CARD_PAYMENT,Current,2023-06-02 12:55:20,2023-06-03 18:21:45,MAX MARK,-32.50,0.00,BGN,COMPLETED,1629.31
CARD_PAYMENT,Current,2023-06-03 12:33:24,2023-06-05 08:42:36, ,-4.31,0.04,BGN,COMPLETED,1624.96
CARD_PAYMENT,Current,2023-06-03 12:32:36,2023-06-05 08:42:36, ,-9.01,0.09,BGN,COMPLETED,1615.86
CARD_PAYMENT,Current,2023-06-03 22:11:01,2023-06-05 08:42:36, ,-20.18,0.20,BGN,COMPLETED,1595.48
CARD_PAYMENT,Current,2023-06-02 17:21:21,2023-06-05 20:15:24,Shell,-8.68,0.00,BGN,COMPLETED,1586.80
CARD_PAYMENT,Current,2023-06-05 17:18:39,2023-06-06 15:06:18,Maks Mark,-6.29,0.00,BGN,COMPLETED,1580.51
CARD_PAYMENT,Current,2023-06-05 17:16:30,2023-06-06 15:06:18,Maks Mark,-20.61,0.00,BGN,COMPLETED,1559.90
CARD_PAYMENT,Current,2023-06-05 17:40:31,2023-06-06 19:44:35,Max Mark,-31.30,0.00,BGN,COMPLETED,1528.60
CARD_PAYMENT,Current,2023-06-04 10:31:29,2023-06-07 05:12:02,Lucy Hotel,-462.22,4.62,BGN,COMPLETED,1061.76
TOPUP,Current,2023-06-07 09:07:33,2023-06-07 09:07:44,Top-Up by *8847,1000.00,0.00,BGN,COMPLETED,2061.76
CARD_PAYMENT,Current,2023-06-06 08:41:07,2023-06-07 14:58:40,OMV,-8.87,0.00,BGN,COMPLETED,2052.89
CARD_PAYMENT,Current,2023-06-03 16:12:01,2023-06-07 15:37:26,Masoutis,-7.66,0.08,BGN,COMPLETED,2045.15
CARD_PAYMENT,Current,2023-06-06 11:58:40,2023-06-07 20:22:38,Max Mark,-1.49,0.00,BGN,COMPLETED,2043.66
CARD_PAYMENT,Current,2023-06-06 16:08:18,2023-06-07 20:22:38,Max Mark Kasa 1,-14.91,0.00,BGN,COMPLETED,2028.75
CARD_PAYMENT,Current,2023-06-06 04:11:04,2023-06-07 20:24:54,LUKOIL,-15.17,0.00,BGN,COMPLETED,2013.58
CARD_PAYMENT,Current,2023-06-07 17:22:23,2023-06-08 21:09:16,Max Mark,-32.01,0.00,BGN,COMPLETED,1981.57
CARD_PAYMENT,Current,2023-06-08 17:16:37,2023-06-09 21:02:24,MAX MARK,-32.50,0.00,BGN,COMPLETED,1949.07
CARD_PAYMENT,Current,2023-06-08 17:22:12,2023-06-09 21:02:24,MAX MARK,-22.97,0.00,BGN,COMPLETED,1926.10
CARD_PAYMENT,Current,2023-06-07 09:08:37,2023-06-10 08:20:42,HUGO BOSS,-1062.00,0.00,BGN,COMPLETED,864.10
CARD_PAYMENT,Current,2023-06-09 17:21:14,2023-06-10 20:57:06,MAX MARK,-18.84,0.00,BGN,COMPLETED,845.26
CARD_PAYMENT,Current,2023-06-10 07:09:52,2023-06-11 14:34:50,Apple,-9.99,0.00,BGN,COMPLETED,835.27
CARD_PAYMENT,Current,2023-06-10 13:26:48,2023-06-12 20:31:23,Max Mark,-59.37,0.00,BGN,COMPLETED,775.90
CARD_PAYMENT,Current,2023-06-10 13:35:07,2023-06-13 05:03:49,LUKOIL,-102.84,0.00,BGN,COMPLETED,673.06
CARD_PAYMENT,Current,2023-06-12 17:30:42,2023-06-13 21:24:52,Max Mark,-37.66,0.00,BGN,COMPLETED,635.40
CARD_PAYMENT,Current,2023-06-13 18:40:27,2023-06-14 04:55:25,HBO Max,-74.59,0.00,BGN,COMPLETED,560.81
TOPUP,Current,2023-06-14 17:33:49,2023-06-14 17:33:51,Auto Top-Up by *8847,500.00,0.00,BGN,COMPLETED,1060.81
CARD_PAYMENT,Current,2023-06-13 17:12:19,2023-06-14 18:52:55,MAX MARK,-30.31,0.00,BGN,COMPLETED,1030.50
CARD_PAYMENT,Current,2023-06-10 08:30:04,2023-06-15 06:24:02,HUGO BOSS,-405.00,0.00,BGN,COMPLETED,625.50
CARD_PAYMENT,Current,2023-06-14 17:33:48,2023-06-15 20:30:56,Max Mark,-45.92,0.00,BGN,COMPLETED,579.58
CARD_PAYMENT,Current,2023-06-15 17:20:15,2023-06-16 20:52:09,Max Mark Kasa 1,-16.85,0.00,BGN,COMPLETED,562.73
CARD_PAYMENT,Current,2023-06-16 17:53:04,2023-06-17 19:39:42,Max Mark,-55.95,0.00,BGN,COMPLETED,506.78
CARD_PAYMENT,Current,2023-06-17 14:57:17,2023-06-18 04:52:17,PlayStation,-14.90,0.00,BGN,COMPLETED,491.88
CARD_PAYMENT,Current,2023-06-17 13:20:38,2023-06-19 19:11:42,MAX MARK,-32.50,0.00,BGN,COMPLETED,459.38
CARD_PAYMENT,Current,2023-06-17 13:28:41,2023-06-19 19:11:42,MAX MARK,-44.92,0.00,BGN,COMPLETED,414.46
TOPUP,Current,2023-06-19 20:30:40,2023-06-19 20:30:51,Top-Up by *8847,1000.00,0.00,BGN,COMPLETED,1414.46
CARD_PAYMENT,Current,2023-06-19 17:27:15,2023-06-20 19:29:56,Max Mark,-17.74,0.00,BGN,COMPLETED,1396.72
CARD_PAYMENT,Current,2023-06-20 11:13:37,2023-06-21 04:25:54,Apple,-18.99,0.00,BGN,COMPLETED,1377.73
CARD_PAYMENT,Current,2023-06-19 20:26:43,2023-06-21 08:29:29,Amazon,-249.06,0.00,BGN,COMPLETED,1128.67
CARD_PAYMENT,Current,2023-06-20 17:35:47,2023-06-21 19:39:35,Max Mark,-41.68,0.00,BGN,COMPLETED,1086.99
CARD_PAYMENT,Current,2023-06-21 08:42:18,2023-06-21 19:57:21,OpenAI,-43.07,0.00,BGN,COMPLETED,1043.92
CARD_PAYMENT,Current,2023-06-22 17:09:51,2023-06-23 21:01:17,MAX MARK,-71.25,0.00,BGN,COMPLETED,972.67
CARD_PAYMENT,Current,2023-06-22 17:16:40,2023-06-23 21:01:22,LUKOIL,-53.57,0.00,BGN,COMPLETED,919.10
CARD_PAYMENT,Current,2023-06-23 12:22:34,2023-06-23 21:13:54,Sky,-3.90,0.00,BGN,COMPLETED,915.20
CARD_PAYMENT,Current,2023-06-23 23:46:41,2023-06-24 20:12:45,Adobe,-23.48,0.00,BGN,COMPLETED,891.72
CARD_PAYMENT,Current,2023-06-23 21:03:33,2023-06-24 20:13:54,Kemp Life,-6.50,0.00,BGN,COMPLETED,885.22
CARD_PAYMENT,Current,2023-06-25 18:01:08,2023-06-26 14:57:23,Veles Food,-11.00,0.00,BGN,COMPLETED,874.22
CARD_PAYMENT,Current,2023-06-24 19:40:10,2023-06-26 18:55:17,Kemp Life,-1.00,0.00,BGN,COMPLETED,873.22
CARD_PAYMENT,Current,2023-06-24 20:42:14,2023-06-26 18:55:17,Kemp Life,-56.50,0.00,BGN,COMPLETED,816.72
CARD_PAYMENT,Current,2023-06-24 09:18:34,2023-06-26 18:55:17,Kemp Life,-4.50,0.00,BGN,COMPLETED,812.22
CARD_PAYMENT,Current,2023-06-24 20:10:05,2023-06-26 18:55:17,Kemp Life,-10.10,0.00,BGN,COMPLETED,802.12
CARD_PAYMENT,Current,2023-06-25 13:45:05,2023-06-26 18:56:03,Decathlon,-21.90,0.00,BGN,COMPLETED,780.22
TOPUP,Current,2023-06-26 19:01:50,2023-06-26 19:02:00,Top-Up by *8847,1000.00,0.00,BGN,COMPLETED,1780.22
CARD_PAYMENT,Current,2023-06-26 17:34:38,2023-06-27 19:13:42,Max Mark,-34.29,0.00,BGN,COMPLETED,1745.93
CARD_PAYMENT,Current,2023-06-26 14:30:04,2023-06-27 19:13:42,MAX MARK,-32.50,0.00,BGN,COMPLETED,1713.43
CARD_PAYMENT,Current,2023-06-28 02:18:31,2023-06-28 18:50:54,Apple,-14.99,0.00,BGN,COMPLETED,1698.44
CARD_PAYMENT,Current,2023-06-27 17:32:19,2023-06-28 18:51:57,Max Mark Kasa 1,-40.65,0.00,BGN,COMPLETED,1657.79
CARD_PAYMENT,Current,2023-06-28 17:27:22,2023-06-29 20:24:18,MAX MARK,-48.93,0.00,BGN,COMPLETED,1608.86
CARD_PAYMENT,Current,2023-06-29 17:39:25,2023-06-30 20:55:57,Max Mark,-19.08,0.00,BGN,COMPLETED,1589.78
CARD_PAYMENT,Current,2023-06-26 12:21:21,2023-07-01 08:17:56,HUGO BOSS,-586.00,0.00,BGN,COMPLETED,1003.78
CARD_PAYMENT,Current,2023-06-30 16:45:35,2023-07-01 17:35:37,Apteka Salviya,-28.80,0.00,BGN,COMPLETED,974.98
CARD_PAYMENT,Current,2023-06-30 17:25:18,2023-07-01 20:41:53,Max Mark,-31.45,0.00,BGN,COMPLETED,943.53
CARD_PAYMENT,Current,2023-06-30 16:43:02,2023-07-01 20:41:53,MAX MARK,-32.50,0.00,BGN,COMPLETED,911.03
CARD_PAYMENT,Current,2023-07-01 15:36:59,2023-07-02 04:39:15,PlayStation,-58.90,0.00,BGN,COMPLETED,852.13
CARD_PAYMENT,Current,2023-07-01 13:21:30,2023-07-02 13:36:47,Apple,-14.99,0.00,BGN,COMPLETED,837.14
CARD_PAYMENT,Current,2023-07-01 13:28:07,2023-07-03 19:30:31,Max Mark,-49.84,0.00,BGN,COMPLETED,787.30
CARD_PAYMENT,Current,2023-07-03 16:31:55,2023-07-04 18:56:07,MAX MARK,-23.77,0.00,BGN,COMPLETED,763.53
CARD_PAYMENT,Current,2023-07-04 17:11:16,2023-07-05 19:07:57,Maxmark Kasa 2,-26.99,0.00,BGN,COMPLETED,736.54
CARD_PAYMENT,Current,2023-07-04 19:44:09,2023-07-06 17:02:17,Amazon,-200.64,0.00,BGN,COMPLETED,535.90
CARD_PAYMENT,Current,2023-07-05 17:56:36,2023-07-06 19:48:38,MAX MARK,-24.99,0.00,BGN,COMPLETED,510.91
CARD_PAYMENT,Current,2023-07-04 19:14:00,2023-07-07 08:17:33,HUGO BOSS,-340.00,0.00,BGN,COMPLETED,170.91
TOPUP,Current,2023-07-07 16:38:15,2023-07-07 16:38:23,Auto Top-Up by *8847,500.00,0.00,BGN,COMPLETED,670.91
CARD_PAYMENT,Current,2023-07-06 17:28:17,2023-07-07 20:08:09,MAX MARK,-18.01,0.00,BGN,COMPLETED,652.90
CARD_PAYMENT,Current,2023-07-07 16:39:50,2023-07-08 14:30:20,Apteka Salviya,-7.90,0.00,BGN,COMPLETED,645.00
TOPUP,Current,2023-07-08 17:02:28,2023-07-08 17:02:40,Auto Top-Up by *8847,500.00,0.00,BGN,COMPLETED,1145.00
CARD_PAYMENT,Current,2023-07-07 17:48:57,2023-07-08 20:18:28,Max Mark,-28.36,0.00,BGN,COMPLETED,1116.64
CARD_PAYMENT,Current,2023-07-07 16:38:14,2023-07-08 20:18:28,MAX MARK,-32.50,0.00,BGN,COMPLETED,1084.14
CARD_PAYMENT,Current,2023-07-08 17:14:38,2023-07-10 15:13:38,Apple,-19.99,0.00,BGN,COMPLETED,1064.15
CARD_PAYMENT,Current,2023-07-08 17:02:27,2023-07-10 15:13:38,Apple,-19.99,0.00,BGN,COMPLETED,1044.16
CARD_PAYMENT,Current,2023-07-08 13:26:29,2023-07-10 19:13:42,Max Mark,-122.19,0.00,BGN,COMPLETED,921.97
CARD_PAYMENT,Current,2023-07-08 13:38:50,2023-07-10 19:15:08,LUKOIL,-109.70,0.00,BGN,COMPLETED,812.27
CARD_PAYMENT,Current,2023-07-07 19:19:05,2023-07-11 08:23:58,Amazon,-223.21,0.00,BGN,COMPLETED,589.06
CARD_PAYMENT,Current,2023-07-10 17:38:11,2023-07-11 20:12:37,MAX MARK,-31.54,0.00,BGN,COMPLETED,557.52
CARD_PAYMENT,Current,2023-07-10 07:10:57,2023-07-12 04:23:43,Apple,-9.99,0.00,BGN,COMPLETED,547.53
CARD_PAYMENT,Current,2023-07-11 17:33:02,2023-07-12 20:14:09,Max Mark,-43.45,0.00,BGN,COMPLETED,504.08
CARD_PAYMENT,Current,2023-07-12 17:22:39,2023-07-13 20:25:58,Max Mark,-44.71,0.00,BGN,COMPLETED,459.37
TOPUP,Current,2023-07-14 19:23:32,2023-07-14 19:24:11,Top-Up by *8847,2000.00,0.00,BGN,COMPLETED,2459.37
CARD_PAYMENT,Current,2023-07-13 18:09:44,2023-07-14 21:34:26,Max Mark,-27.15,0.00,BGN,COMPLETED,2432.22
CARD_PAYMENT,Current,2023-07-14 13:45:05,2023-07-15 16:31:30,Apteka Salviya,-59.54,0.00,BGN,COMPLETED,2372.68
CARD_PAYMENT,Current,2023-07-14 13:30:31,2023-07-15 19:41:20,MAX MARK,-32.50,0.00,BGN,COMPLETED,2340.18
CARD_PAYMENT,Current,2023-07-14 17:25:50,2023-07-15 19:41:20,Max Mark,-56.63,0.00,BGN,COMPLETED,2283.55
CARD_PAYMENT,Current,2023-07-16 14:27:33,2023-07-17 19:44:21,Max Mark,-28.68,0.00,BGN,COMPLETED,2254.87
CARD_PAYMENT,Current,2023-07-15 13:32:59,2023-07-17 19:44:21,MAX MARK,-1.99,0.00,BGN,COMPLETED,2252.88
CARD_PAYMENT,Current,2023-07-15 13:30:14,2023-07-17 19:44:21,Max Mark,-68.03,0.00,BGN,COMPLETED,2184.85
CARD_PAYMENT,Current,2023-07-17 17:16:23,2023-07-18 20:02:03,Max Mark,-21.10,0.00,BGN,COMPLETED,2163.75
CARD_PAYMENT,Current,2023-07-18 17:02:40,2023-07-19 13:07:36,Rubia,-41.60,0.00,BGN,COMPLETED,2122.15
CARD_PAYMENT,Current,2023-07-18 17:06:57,2023-07-19 14:23:40,Apteka Salviya,-13.75,0.00,BGN,COMPLETED,2108.40
CARD_PAYMENT,Current,2023-07-18 16:59:21,2023-07-19 20:07:43,MAX MARK,-42.08,0.00,BGN,COMPLETED,2066.32
CARD_PAYMENT,Current,2023-07-14 19:26:15,2023-07-20 08:08:20,HUGO BOSS,-468.00,0.00,BGN,COMPLETED,1598.32
CARD_PAYMENT,Current,2023-07-19 15:12:41,2023-07-20 13:35:31,Maks Mark,-31.98,0.00,BGN,COMPLETED,1566.34
CARD_PAYMENT,Current,2023-07-19 17:00:47,2023-07-20 19:34:47,MAX MARK,-22.69,0.00,BGN,COMPLETED,1543.65
CARD_PAYMENT,Current,2023-07-19 15:07:28,2023-07-20 19:34:47,MAX MARK,-65.00,0.00,BGN,COMPLETED,1478.65
CARD_PAYMENT,Current,2023-07-20 11:13:45,2023-07-21 04:36:28,Apple,-18.99,0.00,BGN,COMPLETED,1459.66
CARD_PAYMENT,Current,2023-07-20 15:37:51,2023-07-21 19:27:24,LUKOIL,-2.99,0.00,BGN,COMPLETED,1456.67
CARD_PAYMENT,Current,2023-07-21 08:39:05,2023-07-21 19:41:12,OpenAI,-42.20,0.00,BGN,COMPLETED,1414.47
CARD_PAYMENT,Current,2023-07-20 08:50:36,2023-07-23 08:58:02,Lucy Hotel,-332.89,0.00,BGN,COMPLETED,1081.58
CARD_PAYMENT,Current,2023-07-23 12:22:31,2023-07-23 19:37:29,Sky,-3.91,0.04,BGN,COMPLETED,1077.63
CARD_PAYMENT,Current,2023-07-20 19:49:00,2023-07-24 16:42:02,Masoutis,-10.58,0.00,BGN,COMPLETED,1067.05
CARD_PAYMENT,Current,2023-07-23 17:42:28,2023-07-24 18:55:53,Adobe,-23.51,0.24,BGN,COMPLETED,1043.30
CARD_PAYMENT,Current,2023-07-24 20:37:23,2023-07-25 15:50:19,Gkemitzis Ioannis,-5.88,0.00,BGN,COMPLETED,1037.42
CARD_PAYMENT,Current,2023-07-21 23:38:38,2023-07-25 15:52:33,Arista (Theocharidis Ioannis K.),-11.17,0.00,BGN,COMPLETED,1026.25
CARD_PAYMENT,Current,2023-07-21 10:11:04,2023-07-25 15:52:48,Masoutis,-48.97,0.00,BGN,COMPLETED,977.28
CARD_PAYMENT,Current,2023-07-21 23:24:56,2023-07-25 15:52:55,K.doumos Ch Anesiadis,-8.82,0.00,BGN,COMPLETED,968.46
CARD_PAYMENT,Current,2023-07-24 23:50:29,2023-07-26 15:16:54,Arista (Theocharidis Ioannis K.),-6.86,0.00,BGN,COMPLETED,961.60
CARD_PAYMENT,Current,2023-07-25 16:39:35,2023-07-27 05:02:48,Apple,-62.99,0.00,BGN,COMPLETED,898.61
CARD_PAYMENT,Current,2023-07-26 19:08:31,2023-07-28 17:41:55,Arista (Theocharidis Ioannis K.),-57.19,0.00,BGN,COMPLETED,841.42
CARD_PAYMENT,Current,2023-07-28 02:18:37,2023-07-28 20:02:23,Apple,-14.99,0.00,BGN,COMPLETED,826.43
CARD_REFUND,Current,2023-07-29 03:00:00,2023-07-30 08:47:18,Apple,62.99,0.00,BGN,COMPLETED,889.42
TOPUP,Current,2023-07-30 16:33:15,2023-07-30 16:33:34,Top-Up by *8847,2000.00,0.00,BGN,COMPLETED,2889.42
CARD_PAYMENT,Current,2023-07-30 16:31:55,2023-07-31 15:17:55,Lidl,-23.95,0.00,BGN,COMPLETED,2865.47
CARD_PAYMENT,Current,2023-07-29 23:41:01,2023-08-01 15:57:45,Kritos Marinos,-48.96,0.49,BGN,COMPLETED,2816.02
CARD_PAYMENT,Current,2023-07-30 10:51:31,2023-08-01 15:57:52,Achtis Hotel,-372.09,3.72,BGN,COMPLETED,2440.21
CARD_PAYMENT,Current,2023-07-30 10:28:57,2023-08-01 15:57:52,Achtis Hotel,-252.63,2.53,BGN,COMPLETED,2185.05
CARD_PAYMENT,Current,2023-07-31 17:40:40,2023-08-01 18:28:26,MAX MARK,-38.41,0.00,BGN,COMPLETED,2146.64
CARD_PAYMENT,Current,2023-07-31 14:51:24,2023-08-01 18:28:27,MAX MARK,-1.65,0.00,BGN,COMPLETED,2144.99
CARD_PAYMENT,Current,2023-08-01 13:21:42,2023-08-02 04:32:15,Apple,-14.99,0.00,BGN,COMPLETED,2130.00
CARD_PAYMENT,Current,2023-08-01 17:40:00,2023-08-02 20:10:34,MAX MARK,-28.88,0.00,BGN,COMPLETED,2101.12
CARD_PAYMENT,Current,2023-08-02 17:25:38,2023-08-03 20:20:21,MAX MARK,-37.10,0.00,BGN,COMPLETED,2064.02
CARD_PAYMENT,Current,2023-08-03 17:12:22,2023-08-04 19:56:35,Max Mark,-30.91,0.00,BGN,COMPLETED,2033.11
CARD_PAYMENT,Current,2023-08-03 15:52:23,2023-08-04 19:56:35,MAX MARK,-27.20,0.00,BGN,COMPLETED,2005.91
CARD_PAYMENT,Current,2023-08-05 13:19:26,,Max Mark Kasa 3,-37.40,0.00,BGN,REVERTED,
CARD_PAYMENT,Current,2023-08-04 14:58:32,2023-08-05 19:54:05,Max Mark,-1.48,0.00,BGN,COMPLETED,2004.43
CARD_PAYMENT,Current,2023-08-04 17:08:04,2023-08-05 19:54:05,Maxmark Kasa 2,-42.41,0.00,BGN,COMPLETED,1962.02
CARD_PAYMENT,Current,2023-08-05 14:42:26,2023-08-06 04:34:03,Apple,-6.99,0.00,BGN,COMPLETED,1955.03
CARD_PAYMENT,Current,2023-08-05 15:16:37,2023-08-06 04:34:03,Apple,-1.99,0.00,BGN,COMPLETED,1953.04
CARD_PAYMENT,Current,2023-08-05 15:10:54,2023-08-06 04:34:03,Apple,-1.99,0.00,BGN,COMPLETED,1951.05
CARD_PAYMENT,Current,2023-08-05 15:17:31,2023-08-06 04:34:03,Apple,-3.99,0.00,BGN,COMPLETED,1947.06
CARD_PAYMENT,Current,2023-08-05 14:46:23,2023-08-06 04:34:03,Apple,-1.99,0.00,BGN,COMPLETED,1945.07
CARD_PAYMENT,Current,2023-08-05 16:19:26,2023-08-07 19:25:46,MAX MARK,-37.40,0.00,BGN,COMPLETED,1907.67
CARD_PAYMENT,Current,2023-08-07 17:16:54,2023-08-08 19:25:08,MAX MARK,-39.26,0.00,BGN,COMPLETED,1868.41
CARD_REFUND,Current,2023-08-07 03:00:00,2023-08-08 21:24:55,MAX MARK,37.40,0.00,BGN,COMPLETED,1905.81
CARD_PAYMENT,Current,2023-08-08 08:10:12,2023-08-09 04:25:27,Topaz Labs,-283.23,0.00,BGN,COMPLETED,1622.58
CARD_PAYMENT,Current,2023-08-08 15:04:04,2023-08-09 19:33:13,Max Mark Kasa 1,-50.38,0.00,BGN,COMPLETED,1572.20
CARD_PAYMENT,Current,2023-08-09 17:29:18,2023-08-10 19:48:24,Maxmark Kasa 2,-30.01,0.00,BGN,COMPLETED,1542.19
CARD_PAYMENT,Current,2023-08-09 17:36:48,2023-08-10 19:49:20,LUKOIL,-115.11,0.00,BGN,COMPLETED,1427.08
CARD_PAYMENT,Current,2023-08-10 07:09:48,2023-08-11 04:39:08,Apple,-9.99,0.00,BGN,COMPLETED,1417.09
CARD_PAYMENT,Current,2023-08-10 17:38:22,2023-08-11 13:38:28,Juppi,-37.11,0.00,BGN,COMPLETED,1379.98
CARD_PAYMENT,Current,2023-08-10 17:26:40,2023-08-11 20:07:11,MAX MARK,-34.00,0.00,BGN,COMPLETED,1345.98
CARD_PAYMENT,Current,2023-08-13 10:10:01,2023-08-14 15:11:15,Hope 07 Eood,-330.00,0.00,BGN,COMPLETED,1015.98
CARD_PAYMENT,Current,2023-08-13 13:32:23,2023-08-14 15:11:46,Fantastico,-23.90,0.00,BGN,COMPLETED,992.08
CARD_PAYMENT,Current,2023-08-11 17:14:39,2023-08-14 19:16:14,Adler Apa Ood,-12.00,0.00,BGN,COMPLETED,980.08
CARD_PAYMENT,Current,2023-08-11 17:09:15,2023-08-14 19:16:14,Adler Apa Ood,-22.18,0.00,BGN,COMPLETED,957.90
CARD_PAYMENT,Current,2023-08-14 17:03:56,2023-08-15 18:52:57,MAX MARK,-25.68,0.00,BGN,COMPLETED,932.22
CARD_PAYMENT,Current,2023-08-15 17:26:20,2023-08-16 18:54:37,Max Mark,-32.57,0.00,BGN,COMPLETED,899.65
CARD_PAYMENT,Current,2023-08-15 15:45:38,2023-08-16 18:54:37,MAX MARK,-34.00,0.00,BGN,COMPLETED,865.65
CARD_PAYMENT,Current,2023-08-16 17:15:42,2023-08-17 20:26:28,MAX MARK,-45.74,0.00,BGN,COMPLETED,819.91
CARD_PAYMENT,Current,2023-08-17 17:16:22,2023-08-18 20:55:05,MAX MARK,-20.34,0.00,BGN,COMPLETED,799.57
CARD_PAYMENT,Current,2023-08-18 16:26:30,2023-08-19 19:07:46,G.oryahovitsa,-114.70,0.00,BGN,COMPLETED,684.87
CARD_PAYMENT,Current,2023-08-18 17:30:57,2023-08-19 19:08:01,Max Mark Kasa 1,-45.76,0.00,BGN,COMPLETED,639.11
CARD_PAYMENT,Current,2023-08-18 17:37:57,2023-08-19 19:11:33,LUKOIL,-109.93,0.00,BGN,COMPLETED,529.18
CARD_PAYMENT,Current,2023-08-20 11:33:03,2023-08-20 18:54:50,PlayStation,-14.90,0.00,BGN,COMPLETED,514.28
CARD_PAYMENT,Current,2023-08-20 11:14:49,2023-08-21 15:20:46,Apple,-20.99,0.00,BGN,COMPLETED,493.29
CARD_PAYMENT,Current,2023-08-21 16:15:53,,Maks Mark,-44.25,0.00,BGN,REVERTED,
CARD_PAYMENT,Current,2023-08-19 13:51:20,2023-08-21 19:15:36,Max Mark,-71.90,0.00,BGN,COMPLETED,421.39
CARD_PAYMENT,Current,2023-08-21 08:39:18,2023-08-21 19:34:16,OpenAI,-43.21,0.00,BGN,COMPLETED,378.18
CARD_PAYMENT,Current,2023-08-21 17:24:37,2023-08-22 18:31:11,Maxmark Kasa 2,-49.47,0.00,BGN,COMPLETED,328.71
CARD_PAYMENT,Current,2023-08-21 16:49:56,2023-08-22 18:31:11,MAX MARK,-34.00,0.00,BGN,COMPLETED,294.71
CARD_PAYMENT,Current,2023-08-22 17:13:59,2023-08-23 19:32:41,Maxmark Kasa 2,-40.44,0.00,BGN,COMPLETED,254.27
CARD_PAYMENT,Current,2023-08-23 12:22:34,2023-08-23 19:45:44,Sky,-3.90,0.00,BGN,COMPLETED,250.37
TOPUP,Current,2023-08-24 14:05:50,2023-08-24 14:06:03,Top-Up by *8847,2000.00,0.00,BGN,COMPLETED,2250.37
CARD_PAYMENT,Current,2023-08-23 19:25:52,2023-08-24 20:15:33,Adobe,-23.50,0.00,BGN,COMPLETED,2226.87
CARD_PAYMENT,Current,2023-08-23 13:07:07,2023-08-24 20:16:43,MAX MARK,-6.80,0.00,BGN,COMPLETED,2220.07
CARD_PAYMENT,Current,2023-08-23 17:13:03,2023-08-24 20:16:43,MAX MARK,-34.93,0.00,BGN,COMPLETED,2185.14
CARD_PAYMENT,Current,2023-08-24 14:52:36,2023-08-25 15:51:26,Apteka Salviya,-85.19,0.00,BGN,COMPLETED,2099.95
CARD_PAYMENT,Current,2023-08-24 15:18:09,2023-08-25 20:27:53,MAX MARK,-40.35,0.00,BGN,COMPLETED,2059.60
CARD_PAYMENT,Current,2023-08-26 03:39:37,2023-08-26 20:21:58,Apple,-40.99,0.00,BGN,COMPLETED,2018.61
CARD_PAYMENT,Current,2023-08-25 17:42:40,2023-08-26 20:23:50,Max Mark,-88.01,0.00,BGN,COMPLETED,1930.60
CARD_PAYMENT,Current,2023-08-27 10:56:01,2023-08-27 20:12:44,PlayStation,-14.90,0.00,BGN,COMPLETED,1915.70
CARD_PAYMENT,Current,2023-08-27 13:14:22,2023-08-27 20:12:44,PlayStation,-14.90,0.00,BGN,COMPLETED,1900.80
CARD_PAYMENT,Current,2023-08-27 14:08:26,2023-08-28 15:10:46,Fantastico,-13.99,0.00,BGN,COMPLETED,1886.81
CARD_PAYMENT,Current,2023-08-28 02:18:22,2023-08-28 18:51:20,Apple,-14.99,0.00,BGN,COMPLETED,1871.82
CARD_PAYMENT,Current,2023-08-26 13:19:18,2023-08-28 18:52:59,MAX MARK,-6.00,0.00,BGN,COMPLETED,1865.82
CARD_PAYMENT,Current,2023-08-26 13:30:24,2023-08-28 18:52:59,Max Mark,-60.44,0.00,BGN,COMPLETED,1805.38
CARD_PAYMENT,Current,2023-08-28 17:10:10,2023-08-29 19:17:53,MAX MARK,-50.21,0.00,BGN,COMPLETED,1755.17
CARD_PAYMENT,Current,2023-08-29 17:01:21,2023-08-30 18:29:09,MAX MARK,-34.00,0.00,BGN,COMPLETED,1721.17
CARD_PAYMENT,Current,2023-08-29 17:11:37,2023-08-30 18:29:09,MAX MARK,-38.56,0.00,BGN,COMPLETED,1682.61
CARD_PAYMENT,Current,2023-08-21 19:15:53,2023-08-31 04:34:39,Maks Mark,-44.25,0.00,BGN,COMPLETED,1638.36
CARD_PAYMENT,Current,2023-08-30 16:47:36,2023-08-31 20:19:43,Max Mark,-30.34,0.00,BGN,COMPLETED,1608.02
CARD_PAYMENT,Current,2023-08-31 17:18:58,2023-09-01 20:01:09,Max Mark,-47.97,0.00,BGN,COMPLETED,1560.05
CARD_PAYMENT,Current,2023-09-01 13:22:06,2023-09-02 05:00:48,Apple,-14.99,0.00,BGN,COMPLETED,1545.06
CARD_PAYMENT,Current,2023-09-01 17:18:35,2023-09-02 21:13:27,MAX MARK,-27.36,0.00,BGN,COMPLETED,1517.70
CARD_PAYMENT,Current,2023-09-01 14:24:08,2023-09-04 14:55:45,Maks Mark,-13.41,0.00,BGN,COMPLETED,1504.29
CARD_PAYMENT,Current,2023-09-02 13:49:55,2023-09-04 18:33:07,Max Mark,-115.33,0.00,BGN,COMPLETED,1388.96
CARD_PAYMENT,Current,2023-09-04 16:51:11,2023-09-05 19:47:14,Max Mark,-34.00,0.00,BGN,COMPLETED,1354.96
CARD_PAYMENT,Current,2023-09-05 09:58:46,2023-09-06 05:00:22,Microsoft Store,-189.99,0.00,BGN,COMPLETED,1164.97
CARD_PAYMENT,Current,2023-09-05 16:59:14,2023-09-06 19:39:22,Max Mark Kasa 1,-31.29,0.00,BGN,COMPLETED,1133.68
CARD_PAYMENT,Current,2023-09-06 17:11:05,2023-09-07 19:58:47,Max Mark Kasa 1,-61.04,0.00,BGN,COMPLETED,1072.64
CARD_PAYMENT,Current,2023-09-07 18:05:44,2023-09-08 20:03:53,Max Mark,-37.96,0.00,BGN,COMPLETED,1034.68
CARD_PAYMENT,Current,2023-09-07 14:57:19,2023-09-08 20:03:53,Max Mark,-5.38,0.00,BGN,COMPLETED,1029.30
CARD_PAYMENT,Current,2023-09-07 15:01:16,2023-09-08 20:03:53,Max Mark,-34.00,0.00,BGN,COMPLETED,995.30
CARD_PAYMENT,Current,2023-09-08 07:24:13,2023-09-09 15:22:29,RomPetrol,-124.50,0.00,BGN,COMPLETED,870.80
CARD_PAYMENT,Current,2023-09-10 07:12:49,2023-09-10 18:56:18,Apple,-9.99,0.00,BGN,COMPLETED,860.81
CARD_PAYMENT,Current,2023-09-11 17:20:55,2023-09-12 18:56:41,Maxmark Kasa 2,-59.40,0.00,BGN,COMPLETED,801.41
CARD_PAYMENT,Current,2023-09-12 15:38:17,2023-09-13 16:52:06,Apteka Salviya,-41.60,0.00,BGN,COMPLETED,759.81
CARD_PAYMENT,Current,2023-09-12 16:43:01,2023-09-13 22:24:12,Max Mark,-43.25,0.00,BGN,COMPLETED,716.56
TOPUP,Current,2023-09-15 10:18:51,2023-09-15 10:19:04,Top-Up by *8847,2000.00,0.00,BGN,COMPLETED,2716.56
CARD_PAYMENT,Current,2023-09-14 17:26:39,2023-09-15 20:51:50,Max Mark,-15.33,0.00,BGN,COMPLETED,2701.23
CARD_PAYMENT,Current,2023-09-15 10:18:19,2023-09-16 08:08:29,obuvki.bg,-346.00,0.00,BGN,COMPLETED,2355.23
CARD_PAYMENT,Current,2023-09-15 13:21:09,2023-09-16 21:36:47,Max Mark,-34.00,0.00,BGN,COMPLETED,2321.23
CARD_PAYMENT,Current,2023-09-15 17:07:43,2023-09-16 21:36:47,Max Mark,-56.77,0.00,BGN,COMPLETED,2264.46
CARD_PAYMENT,Current,2023-09-16 15:25:40,2023-09-18 14:55:29,Juppi,-35.51,0.00,BGN,COMPLETED,2228.95
CARD_PAYMENT,Current,2023-09-17 15:46:32,2023-09-18 14:56:06,Fantastico,-15.99,0.00,BGN,COMPLETED,2212.96
CARD_PAYMENT,Current,2023-09-18 10:02:22,2023-09-19 15:56:08,Apteka Salviya,-49.70,0.00,BGN,COMPLETED,2163.26
CARD_PAYMENT,Current,2023-09-18 17:16:17,2023-09-19 19:43:17,Max Mark,-38.64,0.00,BGN,COMPLETED,2124.62
CARD_PAYMENT,Current,2023-09-19 17:29:59,2023-09-20 20:29:51,Max Mark,-37.99,0.00,BGN,COMPLETED,2086.63
CARD_PAYMENT,Current,2023-09-19 14:45:24,2023-09-20 20:30:14,Dzhoy Feshan Eood,-502.74,0.00,BGN,COMPLETED,1583.89
CARD_PAYMENT,Current,2023-09-20 11:13:54,2023-09-21 05:27:21,Apple,-20.99,0.00,BGN,COMPLETED,1562.90
CARD_PAYMENT,Current,2023-09-20 13:30:19,2023-09-21 16:19:27,Apteka Salviya,-35.05,0.00,BGN,COMPLETED,1527.85
CARD_PAYMENT,Current,2023-09-20 16:21:27,2023-09-21 20:35:29,Max Mark,-36.77,0.00,BGN,COMPLETED,1491.08
CARD_PAYMENT,Current,2023-09-20 15:08:44,2023-09-21 20:35:37,Vizus Eood,-68.00,0.00,BGN,COMPLETED,1423.08
CARD_PAYMENT,Current,2023-09-21 08:41:02,2023-09-21 20:58:49,OpenAI,-44.21,0.00,BGN,COMPLETED,1378.87
CARD_PAYMENT,Current,2023-09-21 13:03:26,2023-09-22 08:14:33,eMAG,-94.98,0.00,BGN,COMPLETED,1283.89
CARD_PAYMENT,Current,2023-09-21 17:10:14,2023-09-22 18:15:40,Max Mark,-19.62,0.00,BGN,COMPLETED,1264.27
CARD_PAYMENT,Current,2023-09-22 16:28:47,2023-09-23 20:12:39,Max Mark,-28.00,0.00,BGN,COMPLETED,1236.27
CARD_PAYMENT,Current,2023-09-22 16:18:13,2023-09-23 20:12:39,Max Mark,-34.00,0.00,BGN,COMPLETED,1202.27
CARD_PAYMENT,Current,2023-09-23 12:22:33,2023-09-23 20:24:37,Sky,-3.90,0.04,BGN,COMPLETED,1198.33
CARD_PAYMENT,Current,2023-09-23 20:37:56,2023-09-24 19:37:36,Adobe,-23.50,0.24,BGN,COMPLETED,1174.59
CARD_PAYMENT,Current,2023-09-23 13:38:11,2023-09-25 19:13:52,Max Mark,-29.78,0.00,BGN,COMPLETED,1144.81
CARD_PAYMENT,Current,2023-09-25 17:23:01,2023-09-26 19:39:07,Max Mark,-47.26,0.00,BGN,COMPLETED,1097.55
CARD_PAYMENT,Current,2023-09-26 17:12:29,2023-09-28 04:30:10,Max Mark,-34.97,0.00,BGN,COMPLETED,1062.58
CARD_PAYMENT,Current,2023-09-28 02:18:38,2023-09-28 08:40:55,Apple,-14.99,0.00,BGN,COMPLETED,1047.59
CARD_PAYMENT,Current,2023-09-27 17:19:48,2023-09-28 20:32:56,Max Mark,-29.89,0.00,BGN,COMPLETED,1017.70
CARD_PAYMENT,Current,2023-09-29 17:45:07,2023-09-30 20:28:48,Max Mark,-39.54,0.00,BGN,COMPLETED,978.16
CARD_PAYMENT,Current,2023-09-29 17:55:11,2023-09-30 20:29:49,LUKOIL,-116.90,0.00,BGN,COMPLETED,861.26
CARD_PAYMENT,Current,2023-10-01 13:21:45,2023-10-02 04:37:39,Apple,-14.99,0.00,BGN,COMPLETED,846.27
CARD_PAYMENT,Current,2023-09-28 17:30:12,2023-10-02 19:39:16,Max Mark,-45.59,0.00,BGN,COMPLETED,800.68
CARD_PAYMENT,Current,2023-09-30 13:44:09,2023-10-02 19:39:16,Max Mark,-31.92,0.00,BGN,COMPLETED,768.76
CARD_PAYMENT,Current,2023-09-28 15:25:51,2023-10-02 19:39:16,Max Mark,-34.00,0.00,BGN,COMPLETED,734.76
CARD_PAYMENT,Current,2023-09-29 12:22:20,2023-10-02 19:42:46,Ozone,-100.00,0.00,BGN,COMPLETED,634.76
TOPUP,Current,2023-10-03 10:42:33,2023-10-03 10:42:50,Top-Up by *8847,2000.00,0.00,BGN,COMPLETED,2634.76
CARD_PAYMENT,Current,2023-10-02 15:28:57,2023-10-03 20:42:09,Max Mark,-34.00,0.00,BGN,COMPLETED,2600.76
CARD_PAYMENT,Current,2023-10-02 17:06:23,2023-10-03 20:42:09,Max Mark,-26.71,0.00,BGN,COMPLETED,2574.05
CARD_PAYMENT,Current,2023-10-03 17:41:08,2023-10-04 18:32:46,Max Mark,-14.68,0.00,BGN,COMPLETED,2559.37
CARD_PAYMENT,Current,2023-10-04 17:14:07,2023-10-05 15:52:51,Apteka Salviya,-37.30,0.00,BGN,COMPLETED,2522.07
CARD_PAYMENT,Current,2023-10-04 17:26:13,2023-10-05 19:12:22,Max Mark,-41.16,0.00,BGN,COMPLETED,2480.91
CARD_PAYMENT,Current,2023-10-05 17:17:54,2023-10-06 19:56:02,Max Mark,-51.29,0.00,BGN,COMPLETED,2429.62
CARD_PAYMENT,Current,2023-10-03 10:41:44,2023-10-07 08:10:06,HUGO BOSS,-250.00,0.00,BGN,COMPLETED,2179.62
CARD_PAYMENT,Current,2023-10-06 17:52:32,2023-10-07 20:59:10,Max Mark,-31.30,0.00,BGN,COMPLETED,2148.32
CARD_PAYMENT,Current,2023-10-07 13:29:17,2023-10-09 15:24:18,Maks Mark,-26.02,0.00,BGN,COMPLETED,2122.30
CARD_PAYMENT,Current,2023-10-07 13:30:50,2023-10-10 04:40:11,Max Mark,-20.40,0.00,BGN,COMPLETED,2101.90
CARD_PAYMENT,Current,2023-10-07 13:42:31,2023-10-10 04:40:11,Max Mark,-75.77,0.00,BGN,COMPLETED,2026.13
CARD_PAYMENT,Current,2023-10-09 17:17:09,2023-10-10 20:47:50,Max Mark,-29.81,0.00,BGN,COMPLETED,1996.32
CARD_PAYMENT,Current,2023-10-09 13:13:58,2023-10-10 20:47:50,Max Mark,-34.00,0.00,BGN,COMPLETED,1962.32
CARD_PAYMENT,Current,2023-10-10 07:09:40,2023-10-11 04:57:48,Apple,-9.99,0.00,BGN,COMPLETED,1952.33
CARD_PAYMENT,Current,2023-10-11 17:15:49,2023-10-12 19:41:52,Max Mark,-24.81,0.00,BGN,COMPLETED,1927.52
CARD_PAYMENT,Current,2023-10-12 17:26:06,2023-10-13 18:44:33,Max Mark,-28.47,0.00,BGN,COMPLETED,1899.05
CARD_PAYMENT,Current,2023-10-13 15:49:35,2023-10-14 21:56:55,Max Mark,-34.00,0.00,BGN,COMPLETED,1865.05
CARD_PAYMENT,Current,2023-10-13 17:27:29,2023-10-14 21:56:55,Max Mark,-45.20,0.00,BGN,COMPLETED,1819.85
CARD_PAYMENT,Current,2023-10-14 13:37:49,2023-10-17 00:40:17,Max Mark,-169.51,0.00,BGN,COMPLETED,1650.34
CARD_PAYMENT,Current,2023-10-16 16:37:51,2023-10-17 21:16:57,Max Mark,-31.05,0.00,BGN,COMPLETED,1619.29
CARD_PAYMENT,Current,2023-10-17 17:08:47,2023-10-18 20:06:22,Max Mark,-25.37,0.00,BGN,COMPLETED,1593.92
CARD_PAYMENT,Current,2023-10-18 17:25:54,2023-10-19 18:31:07,Max Mark,-31.99,0.00,BGN,COMPLETED,1561.93
CARD_PAYMENT,Current,2023-10-19 16:28:09,2023-10-20 20:03:54,Max Mark,-60.10,0.00,BGN,COMPLETED,1501.83
CARD_PAYMENT,Current,2023-10-19 15:32:22,2023-10-20 20:03:54,Max Mark,-34.00,0.00,BGN,COMPLETED,1467.83
CARD_PAYMENT,Current,2023-10-20 11:14:15,2023-10-21 04:43:50,Apple,-20.99,0.00,BGN,COMPLETED,1446.84
CARD_PAYMENT,Current,2023-10-20 15:26:37,2023-10-21 15:36:05,Rubia,-20.40,0.00,BGN,COMPLETED,1426.44
CARD_PAYMENT,Current,2023-10-20 15:14:41,2023-10-21 16:46:33,Apteka Salviya,-14.00,0.00,BGN,COMPLETED,1412.44
CARD_PAYMENT,Current,2023-10-20 17:36:01,2023-10-21 20:41:18,Max Mark,-27.54,0.00,BGN,COMPLETED,1384.90
CARD_PAYMENT,Current,2023-10-20 17:45:20,2023-10-21 20:43:38,LUKOIL,-123.79,0.00,BGN,COMPLETED,1261.11
CARD_PAYMENT,Current,2023-10-21 08:38:49,2023-10-21 21:10:47,OpenAI,-44.40,0.44,BGN,COMPLETED,1216.27
CARD_PAYMENT,Current,2023-10-21 17:44:38,2023-10-22 15:00:04,Apple,-1.99,0.00,BGN,COMPLETED,1214.28
CARD_PAYMENT,Current,2023-10-21 13:54:49,2023-10-23 15:26:14,Veles Food,-17.29,0.00,BGN,COMPLETED,1196.99
CARD_PAYMENT,Current,2023-10-22 11:59:22,2023-10-23 15:36:51,Apple,-15.99,0.00,BGN,COMPLETED,1181.00
CARD_PAYMENT,Current,2023-10-21 13:05:53,2023-10-23 20:04:46,Max Mark,-42.63,0.00,BGN,COMPLETED,1138.37
CARD_PAYMENT,Current,2023-10-23 12:22:31,2023-10-23 20:12:34,Sky,-3.90,0.00,BGN,COMPLETED,1134.47
CARD_PAYMENT,Current,2023-10-23 20:28:26,2023-10-24 19:32:17,Adobe,-23.50,0.00,BGN,COMPLETED,1110.97
CARD_PAYMENT,Current,2023-10-24 09:01:12,2023-10-25 14:06:29,Rubia,-42.95,0.00,BGN,COMPLETED,1068.02
CARD_PAYMENT,Current,2023-10-24 17:38:46,2023-10-25 19:41:46,Max Mark,-27.72,0.00,BGN,COMPLETED,1040.30
CARD_REFUND,Current,2023-10-25 03:00:00,2023-10-26 06:15:58,Apple,15.99,0.00,BGN,COMPLETED,1056.29
CARD_PAYMENT,Current,2023-10-25 17:57:34,2023-10-26 20:13:49,Max Mark,-31.68,0.00,BGN,COMPLETED,1024.61
CARD_PAYMENT,Current,2023-10-26 17:30:17,2023-10-27 19:28:48,Max Mark,-15.67,0.00,BGN,COMPLETED,1008.94
CARD_PAYMENT,Current,2023-10-26 17:16:42,2023-10-27 19:28:48,Max Mark,-34.00,0.00,BGN,COMPLETED,974.94
CARD_PAYMENT,Current,2023-10-28 02:18:15,2023-10-28 19:52:57,Apple,-14.99,0.00,BGN,COMPLETED,959.95
CARD_PAYMENT,Current,2023-10-28 13:13:34,2023-10-30 15:56:11,Maks Mark,-8.61,0.00,BGN,COMPLETED,951.34
CARD_PAYMENT,Current,2023-10-28 13:23:15,2023-10-30 20:25:19,Max Mark,-30.69,0.00,BGN,COMPLETED,920.65
CARD_PAYMENT,Current,2023-10-30 17:09:20,2023-10-31 19:07:01,Max Mark,-54.91,0.00,BGN,COMPLETED,865.74
CARD_PAYMENT,Current,2023-10-31 16:22:13,2023-11-01 12:17:00,Rubia,-12.90,0.00,BGN,COMPLETED,852.84
CARD_PAYMENT,Current,2023-10-31 17:23:34,2023-11-01 21:18:53,Max Mark,-51.60,0.00,BGN,COMPLETED,801.24
CARD_PAYMENT,Current,2023-11-01 12:23:16,2023-11-02 03:27:14,Apple,-14.99,0.00,BGN,COMPLETED,786.25
CARD_PAYMENT,Current,2023-10-29 15:48:40,2023-11-02 03:51:19,Amazon,-155.75,1.56,BGN,COMPLETED,628.94
CARD_PAYMENT,Current,2023-11-01 17:27:23,2023-11-02 19:52:26,Max Mark,-19.92,0.00,BGN,COMPLETED,609.02
CARD_PAYMENT,Current,2023-11-01 16:37:19,2023-11-02 19:52:26,Max Mark,-34.00,0.00,BGN,COMPLETED,575.02
CARD_PAYMENT,Current,2023-11-02 08:53:09,2023-11-03 21:51:06,Econt,-108.00,0.00,BGN,COMPLETED,467.02
CARD_PAYMENT,Current,2023-11-02 17:42:29,2023-11-03 21:51:26,Max Mark,-28.64,0.00,BGN,COMPLETED,438.38
CARD_PAYMENT,Current,2023-11-03 11:33:56,2023-11-04 03:41:09,Apple,-19.99,0.00,BGN,COMPLETED,418.39
CARD_PAYMENT,Current,2023-11-03 17:18:39,2023-11-04 15:15:48,Apteka Salviya,-41.80,0.00,BGN,COMPLETED,376.59
CARD_PAYMENT,Current,2023-11-03 17:33:14,2023-11-04 17:26:10,Max Mark,-30.97,0.00,BGN,COMPLETED,345.62
TOPUP,Current,2023-11-05 21:30:13,2023-11-05 21:30:27,Top-Up by *8847,2000.00,0.00,BGN,COMPLETED,2345.62
CARD_PAYMENT,Current,2023-11-05 21:28:14,2023-11-06 17:07:58,Amazon,-133.44,1.33,BGN,COMPLETED,2210.85
CARD_PAYMENT,Current,2023-11-04 13:56:33,2023-11-06 20:13:09,Max Mark,-24.56,0.00,BGN,COMPLETED,2186.29
CARD_PAYMENT,Current,2023-11-06 17:24:51,2023-11-07 20:30:13,Max Mark,-31.98,0.00,BGN,COMPLETED,2154.31
CARD_PAYMENT,Current,2023-11-07 11:13:16,2023-11-08 06:24:45,FastSpring,-223.82,0.00,BGN,COMPLETED,1930.49
CARD_PAYMENT,Current,2023-11-07 17:08:52,2023-11-08 20:29:56,Max Mark,-34.00,0.00,BGN,COMPLETED,1896.49
CARD_PAYMENT,Current,2023-11-07 17:41:34,2023-11-08 20:29:56,Max Mark,-41.91,0.00,BGN,COMPLETED,1854.58
CARD_PAYMENT,Current,2023-11-08 17:44:52,2023-11-09 19:59:47,Max Mark,-22.90,0.00,BGN,COMPLETED,1831.68
CARD_PAYMENT,Current,2023-11-08 13:25:19,2023-11-09 19:59:47,Max Mark,-1.19,0.00,BGN,COMPLETED,1830.49
CARD_PAYMENT,Current,2023-11-09 18:22:55,2023-11-10 22:08:38,Max Mark,-53.01,0.00,BGN,COMPLETED,1777.48
CARD_PAYMENT,Current,2023-11-10 07:09:57,2023-11-11 03:48:05,Apple,-9.99,0.00,BGN,COMPLETED,1767.49
CARD_PAYMENT,Current,2023-11-10 08:54:14,2023-11-11 22:39:01,LUKOIL,-123.77,0.00,BGN,COMPLETED,1643.72
CARD_PAYMENT,Current,2023-11-11 14:05:33,2023-11-14 03:32:35,Max Mark,-34.00,0.00,BGN,COMPLETED,1609.72
CARD_PAYMENT,Current,2023-11-11 14:02:58,2023-11-14 03:32:35,Max Mark,-73.05,0.00,BGN,COMPLETED,1536.67
CARD_PAYMENT,Current,2023-11-13 17:36:35,2023-11-14 14:35:57,Maks Mark,-38.59,0.00,BGN,COMPLETED,1498.08
CARD_PAYMENT,Current,2023-11-13 17:49:05,2023-11-14 19:44:01,Max Mark,-29.96,0.00,BGN,COMPLETED,1468.12
CARD_PAYMENT,Current,2023-11-14 13:09:08,2023-11-15 19:47:18,Max Mark,-1.19,0.00,BGN,COMPLETED,1466.93
CARD_PAYMENT,Current,2023-11-14 16:57:50,2023-11-15 19:47:18,Max Mark,-46.27,0.00,BGN,COMPLETED,1420.66
CARD_PAYMENT,Current,2023-11-15 16:10:35,2023-11-16 13:41:13,Spidi,-4.74,0.00,BGN,COMPLETED,1415.92
CARD_PAYMENT,Current,2023-11-15 16:01:47,2023-11-16 20:10:32,Econt,-169.00,0.00,BGN,COMPLETED,1246.92
CARD_PAYMENT,Current,2023-11-15 17:05:53,2023-11-16 20:10:49,Max Mark,-30.90,0.00,BGN,COMPLETED,1216.02
TOPUP,Current,2023-11-17 09:34:14,2023-11-17 09:34:18,Auto Top-Up by *8847,500.00,0.00,BGN,COMPLETED,1716.02
CARD_PAYMENT,Current,2023-11-16 17:15:24,2023-11-17 21:39:43,Max Mark,-54.30,0.00,BGN,COMPLETED,1661.72
CARD_PAYMENT,Current,2023-11-17 16:48:33,2023-11-18 15:10:42,Apteka Salviya,-98.80,0.00,BGN,COMPLETED,1562.92
CARD_PAYMENT,Current,2023-11-17 17:51:41,2023-11-18 21:17:32,Max Mark,-42.11,0.00,BGN,COMPLETED,1520.81
CARD_PAYMENT,Current,2023-11-18 13:46:09,2023-11-20 19:54:17,Max Mark,-37.94,0.00,BGN,COMPLETED,1482.87
CARD_PAYMENT,Current,2023-11-18 13:47:37,2023-11-20 19:54:17,Max Mark,-34.00,0.00,BGN,COMPLETED,1448.87
CARD_PAYMENT,Current,2023-11-20 11:13:55,2023-11-21 03:36:45,Apple,-20.99,0.00,BGN,COMPLETED,1427.88
CARD_PAYMENT,Current,2023-11-20 14:44:48,2023-11-21 20:02:25,Max Mark,-17.98,0.00,BGN,COMPLETED,1409.90
CARD_PAYMENT,Current,2023-11-21 07:39:05,2023-11-21 20:23:52,OpenAI,-42.94,0.00,BGN,COMPLETED,1366.96
CARD_PAYMENT,Current,2023-11-17 09:34:13,2023-11-22 07:15:25,HUGO BOSS,-1040.00,0.00,BGN,COMPLETED,326.96
CARD_PAYMENT,Current,2023-11-21 18:04:31,2023-11-22 19:48:31,Max Mark,-29.22,0.00,BGN,COMPLETED,297.74
CARD_PAYMENT,Current,2023-11-21 13:47:28,2023-11-22 19:48:31,Max Mark,-1.89,0.00,BGN,COMPLETED,295.85
TOPUP,Current,2023-11-23 19:49:28,2023-11-23 19:49:57,Top-Up by *8847,2000.00,0.00,BGN,COMPLETED,2295.85
CARD_PAYMENT,Current,2023-11-22 17:20:51,2023-11-23 19:58:29,Max Mark,-26.42,0.00,BGN,COMPLETED,2269.43
CARD_PAYMENT,Current,2023-11-23 11:22:34,2023-11-23 20:10:42,Sky,-3.91,0.00,BGN,COMPLETED,2265.52
CARD_PAYMENT,Current,2023-11-23 17:20:42,2023-11-24 14:40:24,Juppi,-47.75,0.00,BGN,COMPLETED,2217.77
CARD_PAYMENT,Current,2023-11-23 18:15:16,2023-11-24 20:41:25,Adobe,-23.51,0.00,BGN,COMPLETED,2194.26
CARD_PAYMENT,Current,2023-11-24 17:55:14,2023-11-25 21:13:05,Max Mark,-48.56,0.00,BGN,COMPLETED,2145.70
CARD_PAYMENT,Current,2023-11-26 19:56:53,2023-11-27 19:30:36,Max Mark,-6.20,0.00,BGN,COMPLETED,2139.50
CARD_PAYMENT,Current,2023-11-25 14:04:19,2023-11-27 19:30:37,Max Mark,-50.10,0.00,BGN,COMPLETED,2089.40
CARD_PAYMENT,Current,2023-11-25 13:51:32,2023-11-27 19:30:37,Max Mark,-34.00,0.00,BGN,COMPLETED,2055.40
CARD_PAYMENT,Current,2023-11-26 17:21:24,2023-11-27 19:30:37,Max Mark,-7.35,0.00,BGN,COMPLETED,2048.05
CARD_PAYMENT,Current,2023-11-23 19:53:44,2023-11-28 08:05:19,HUGO BOSS,-440.00,0.00,BGN,COMPLETED,1608.05
CARD_PAYMENT,Current,2023-11-28 02:21:00,2023-11-28 15:17:49,Apple,-14.99,0.00,BGN,COMPLETED,1593.06
CARD_PAYMENT,Current,2023-11-27 16:30:30,2023-11-28 20:04:29,Max Mark,-42.31,0.00,BGN,COMPLETED,1550.75
CARD_PAYMENT,Current,2023-11-28 17:15:46,2023-11-29 18:42:24,Max Mark,-23.65,0.00,BGN,COMPLETED,1527.10
CARD_PAYMENT,Current,2023-11-29 16:50:31,2023-11-30 18:49:30,Max Mark,-17.91,0.00,BGN,COMPLETED,1509.19
CARD_PAYMENT,Current,2023-11-30 17:06:29,2023-12-01 21:48:29,Max Mark,-29.53,0.00,BGN,COMPLETED,1479.66
CARD_PAYMENT,Current,2023-12-01 21:36:38,2023-12-02 16:13:00,Apple,-17.99,0.00,BGN,COMPLETED,1461.67
CARD_PAYMENT,Current,2023-12-01 16:32:06,2023-12-02 20:47:02,Max Mark,-50.01,0.00,BGN,COMPLETED,1411.66
CARD_PAYMENT,Current,2023-12-01 15:06:16,2023-12-02 20:47:02,Max Mark,-34.00,0.00,BGN,COMPLETED,1377.66
CARD_PAYMENT,Current,2023-12-02 14:04:17,2023-12-04 19:14:36,Max Mark,-38.03,0.00,BGN,COMPLETED,1339.63
CARD_PAYMENT,Current,2023-12-04 17:42:43,2023-12-05 20:08:26,Max Mark,-25.14,0.00,BGN,COMPLETED,1314.49
CARD_PAYMENT,Current,2023-12-05 16:37:40,2023-12-06 19:42:13,Max Mark,-30.48,0.00,BGN,COMPLETED,1284.01
TOPUP,Current,2023-12-06 20:27:52,2023-12-06 20:28:13,Top-Up by *8847,2000.00,0.00,BGN,COMPLETED,3284.01
CARD_PAYMENT,Current,2023-12-06 15:16:50,2023-12-07 15:44:02,Apteka Salviya,-9.50,0.00,BGN,COMPLETED,3274.51
CARD_PAYMENT,Current,2023-12-06 16:44:34,2023-12-07 20:38:43,Max Mark,-37.95,0.00,BGN,COMPLETED,3236.56
CARD_PAYMENT,Current,2023-12-07 11:12:49,2023-12-08 04:07:49,Amazon,-144.68,0.00,BGN,COMPLETED,3091.88
CARD_PAYMENT,Current,2023-12-05 19:08:29,2023-12-08 04:07:53,Amazon,-685.59,0.00,BGN,COMPLETED,2406.29
CARD_PAYMENT,Current,2023-12-07 15:34:51,2023-12-08 20:19:06,Max Mark,-34.00,0.00,BGN,COMPLETED,2372.29
CARD_PAYMENT,Current,2023-12-07 16:36:29,2023-12-08 20:19:06,Max Mark,-21.53,0.00,BGN,COMPLETED,2350.76
CARD_PAYMENT,Current,2023-12-07 16:45:58,2023-12-08 20:21:11,LUKOIL,-124.68,0.00,BGN,COMPLETED,2226.08
CARD_PAYMENT,Current,2023-12-08 17:38:21,2023-12-09 20:59:04,Max Mark,-33.45,0.00,BGN,COMPLETED,2192.63
CARD_PAYMENT,Current,2023-12-10 17:51:32,2023-12-11 04:53:24,Gepime,-11.00,0.00,BGN,COMPLETED,2181.63
CARD_PAYMENT,Current,2023-12-09 14:32:25,2023-12-11 20:13:32,Max Mark,-58.65,0.00,BGN,COMPLETED,2122.98
CARD_PAYMENT,Current,2023-12-11 17:06:16,2023-12-12 20:36:31,Max Mark,-49.81,0.00,BGN,COMPLETED,2073.17
CARD_PAYMENT,Current,2023-12-12 16:56:41,2023-12-13 19:59:59,Max Mark,-20.81,0.00,BGN,COMPLETED,2052.36
CARD_PAYMENT,Current,2023-12-13 16:53:06,2023-12-14 20:28:09,Max Mark,-34.00,0.00,BGN,COMPLETED,2018.36
CARD_PAYMENT,Current,2023-12-13 17:00:32,2023-12-14 20:28:09,Max Mark,-47.07,0.00,BGN,COMPLETED,1971.29
CARD_PAYMENT,Current,2023-12-14 16:59:46,2023-12-15 20:44:17,Max Mark,-40.71,0.00,BGN,COMPLETED,1930.58
CARD_PAYMENT,Current,2023-12-15 13:47:23,2023-12-16 21:43:19,Max Mark,-2.68,0.00,BGN,COMPLETED,1927.90
CARD_PAYMENT,Current,2023-12-15 17:10:13,2023-12-16 21:43:19,Max Mark,-37.37,0.00,BGN,COMPLETED,1890.53
CARD_PAYMENT,Current,2023-12-16 13:35:37,2023-12-18 19:48:29,Max Mark,-51.93,0.00,BGN,COMPLETED,1838.60
CARD_PAYMENT,Current,2023-12-18 17:14:18,2023-12-19 21:30:47,Max Mark,-22.79,0.00,BGN,COMPLETED,1815.81
CARD_PAYMENT,Current,2023-12-20 10:32:54,,YouTube,-1.00,0.00,BGN,REVERTED,
CARD_PAYMENT,Current,2023-12-20 12:12:59,2023-12-20 21:05:28,Spotify,-16.49,0.00,BGN,COMPLETED,1799.32
CARD_PAYMENT,Current,2023-12-20 11:13:46,2023-12-21 03:40:00,Apple,-20.99,0.00,BGN,COMPLETED,1778.33
CARD_PAYMENT,Current,2023-12-20 15:40:48,2023-12-21 17:23:01,Apteka Salviya,-34.88,0.00,BGN,COMPLETED,1743.45
CARD_PAYMENT,Current,2023-12-20 17:00:17,2023-12-21 21:17:02,Max Mark,-40.80,0.00,BGN,COMPLETED,1702.65
CARD_PAYMENT,Current,2023-12-20 16:01:36,2023-12-21 21:17:02,Max Mark,-43.16,0.00,BGN,COMPLETED,1659.49
CARD_PAYMENT,Current,2023-12-21 07:37:13,2023-12-21 21:36:52,OpenAI,-42.99,0.00,BGN,COMPLETED,1616.50
CARD_PAYMENT,Current,2023-12-21 15:20:55,2023-12-22 15:51:37,Maks Mark,-0.29,0.00,BGN,COMPLETED,1616.21
CARD_PAYMENT,Current,2023-12-21 16:38:57,2023-12-22 21:09:34,Max Mark,-40.49,0.00,BGN,COMPLETED,1575.72
CARD_PAYMENT,Current,2023-12-21 15:29:31,2023-12-22 21:09:34,Max Mark,-58.97,0.00,BGN,COMPLETED,1516.75
CARD_PAYMENT,Current,2023-12-22 17:45:43,2023-12-23 21:16:02,Max Mark,-78.28,0.00,BGN,COMPLETED,1438.47
CARD_PAYMENT,Current,2023-12-23 11:22:34,2023-12-23 21:34:16,Sky,-3.91,0.04,BGN,COMPLETED,1434.52
CARD_PAYMENT,Current,2023-12-23 20:51:04,2023-12-24 04:53:58,PlayStation,-144.00,0.00,BGN,COMPLETED,1290.52
CARD_PAYMENT,Current,2023-12-23 18:51:07,2023-12-24 21:05:09,Adobe,-23.53,0.24,BGN,COMPLETED,1266.75
CARD_PAYMENT,Current,2023-12-24 12:46:53,2023-12-24 21:14:14,PlayStation,-37.40,0.00,BGN,COMPLETED,1229.35
CARD_PAYMENT,Current,2023-12-24 12:06:39,2023-12-24 21:22:22,PlayStation,-37.40,0.00,BGN,COMPLETED,1191.95
CARD_PAYMENT,Current,2023-12-26 16:40:51,2023-12-27 17:44:35,Max Mark,-37.55,0.00,BGN,COMPLETED,1154.40
CARD_PAYMENT,Current,2023-12-26 16:36:33,2023-12-27 17:44:35,Max Mark,-34.00,0.00,BGN,COMPLETED,1120.40
CARD_PAYMENT,Current,2023-12-27 16:34:39,2023-12-29 05:44:40,Max Mark,-33.54,0.00,BGN,COMPLETED,1086.86
CARD_PAYMENT,Current,2023-12-28 02:18:48,2023-12-29 15:14:50,Apple,-14.99,0.00,BGN,COMPLETED,1071.87
CARD_PAYMENT,Current,2023-12-28 16:54:52,2023-12-29 21:47:54,Max Mark,-59.28,0.00,BGN,COMPLETED,1012.59
CARD_PAYMENT,Current,2023-12-28 17:23:00,2023-12-29 21:51:39,LUKOIL,-116.77,0.00,BGN,COMPLETED,895.82
CARD_PAYMENT,Current,2023-12-29 15:08:34,2023-12-31 03:33:42,Max Mark,-3.94,0.00,BGN,COMPLETED,891.88
CARD_PAYMENT,Current,2023-12-29 16:26:34,2023-12-31 03:33:42,Max Mark,-55.01,0.00,BGN,COMPLETED,836.87
CARD_PAYMENT,Current,2023-12-30 15:27:09,2024-01-01 17:56:02,Juppi,-36.14,0.00,BGN,COMPLETED,800.73
CARD_PAYMENT,Current,2024-01-01 13:37:57,2024-01-02 03:27:22,Apple,-17.99,0.00,BGN,COMPLETED,782.74
CARD_PAYMENT,Current,2023-12-31 13:15:51,2024-01-02 03:30:32,Max Mark,-162.90,0.00,BGN,COMPLETED,619.84
CARD_PAYMENT,Current,2023-12-30 15:42:07,2024-01-02 12:51:52,Food store,-23.19,0.00,BGN,COMPLETED,596.65
TOPUP,Current,2024-01-03 08:58:57,2024-01-03 08:59:10,Top-Up by *8847,2000.00,0.00,BGN,COMPLETED,2596.65
CARD_PAYMENT,Current,2024-01-02 16:11:34,2024-01-03 19:30:00,Max Mark,-53.40,0.00,BGN,COMPLETED,2543.25
CARD_PAYMENT,Current,2024-01-02 16:03:16,2024-01-03 19:30:00,Max Mark,-34.00,0.00,BGN,COMPLETED,2509.25
CARD_PAYMENT,Current,2024-01-03 16:56:25,2024-01-04 19:41:36,Max Mark,-37.07,0.00,BGN,COMPLETED,2472.18
CARD_PAYMENT,Current,2024-01-04 16:56:21,2024-01-05 19:28:17,Max Mark,-41.47,0.00,BGN,COMPLETED,2430.71
CARD_PAYMENT,Current,2024-01-05 17:22:33,2024-01-06 19:55:52,Max Mark,-46.40,0.00,BGN,COMPLETED,2384.31
CARD_PAYMENT,Current,2024-01-07 13:39:30,2024-01-08 18:21:58,Max Mark,-57.55,0.00,BGN,COMPLETED,2326.76
CARD_PAYMENT,Current,2024-01-08 16:39:40,2024-01-09 18:31:27,Max Mark,-22.59,0.00,BGN,COMPLETED,2304.17
CARD_PAYMENT,Current,2024-01-09 16:38:35,2024-01-10 19:42:01,Max Mark,-29.28,0.00,BGN,COMPLETED,2274.89
CARD_PAYMENT,Current,2024-01-09 16:29:52,2024-01-11 03:34:21,Maks Mark,-5.17,0.00,BGN,COMPLETED,2269.72
CARD_PAYMENT,Current,2024-01-10 17:58:10,2024-01-11 21:52:59,Max Mark,-28.70,0.00,BGN,COMPLETED,2241.02
CARD_PAYMENT,Current,2024-01-10 15:21:07,2024-01-12 03:23:31,Google Play,-39.99,0.00,BGN,COMPLETED,2201.03
CARD_PAYMENT,Current,2024-01-11 17:05:59,2024-01-13 05:08:00,Max Mark,-49.89,0.00,BGN,COMPLETED,2151.14
CARD_PAYMENT,Current,2024-01-12 16:09:07,2024-01-15 16:02:22,Max Mark,-34.00,0.00,BGN,COMPLETED,2117.14
CARD_PAYMENT,Current,2024-01-12 17:12:53,2024-01-15 16:02:22,Max Mark,-62.24,0.00,BGN,COMPLETED,2054.90
CARD_PAYMENT,Current,2024-01-12 16:00:32,2024-01-16 00:20:53,Maks Mark,-7.99,0.00,BGN,COMPLETED,2046.91
CARD_PAYMENT,Current,2024-01-14 14:29:55,2024-01-16 07:37:17,Max Mark,-58.97,0.00,BGN,COMPLETED,1987.94
CARD_PAYMENT,Current,2024-01-15 15:58:53,2024-01-16 13:41:23,Apteka Salviya,-48.20,0.00,BGN,COMPLETED,1939.74
CARD_PAYMENT,Current,2024-01-15 09:21:19,2024-01-16 17:12:21,Google Play,-39.99,0.00,BGN,COMPLETED,1899.75
CARD_PAYMENT,Current,2024-01-15 16:58:24,2024-01-16 17:12:58,Max Mark,-31.02,0.00,BGN,COMPLETED,1868.73
CARD_PAYMENT,Current,2024-01-16 16:52:26,2024-01-17 14:14:59,Juppi,-58.52,0.00,BGN,COMPLETED,1810.21
CARD_PAYMENT,Current,2024-01-16 16:43:07,2024-01-17 14:15:03,Maks Mark,-1.49,0.00,BGN,COMPLETED,1808.72
CARD_PAYMENT,Current,2024-01-17 17:19:38,2024-01-18 17:24:52,Max Mark,-39.02,0.00,BGN,COMPLETED,1769.70
CARD_PAYMENT,Current,2024-01-17 17:09:10,2024-01-18 17:24:52,Max Mark,-34.00,0.00,BGN,COMPLETED,1735.70
CARD_PAYMENT,Current,2024-01-18 17:44:50,2024-01-19 17:29:55,Max Mark,-6.31,0.00,BGN,COMPLETED,1729.39
CARD_PAYMENT,Current,2024-01-19 19:43:47,2024-01-20 05:38:11,GoFundMe,-23.74,0.00,BGN,COMPLETED,1705.65
CARD_PAYMENT,Current,2024-01-19 17:26:00,2024-01-20 17:29:11,Max Mark,-75.23,0.00,BGN,COMPLETED,1630.42
CARD_PAYMENT,Current,2024-01-19 15:14:02,2024-01-20 17:29:11,Max Mark,-2.38,0.00,BGN,COMPLETED,1628.04
CARD_PAYMENT,Current,2024-01-20 12:13:05,2024-01-20 17:37:59,Spotify,-16.49,0.00,BGN,COMPLETED,1611.55
CARD_PAYMENT,Current,2024-01-20 10:24:46,2024-01-20 17:47:30,YouTube,-16.99,0.00,BGN,COMPLETED,1594.56
CARD_PAYMENT,Current,2024-01-20 11:14:23,2024-01-21 14:14:40,Apple,-20.99,0.00,BGN,COMPLETED,1573.57
CARD_PAYMENT,Current,2024-01-21 07:36:33,2024-01-21 17:21:42,OpenAI,-43.24,0.43,BGN,COMPLETED,1529.90
CARD_PAYMENT,Current,2024-01-22 16:54:08,2024-01-23 17:35:39,Max Mark,-39.66,0.00,BGN,COMPLETED,1490.24
CARD_PAYMENT,Current,2024-01-23 11:22:34,2024-01-23 17:41:00,Sky,-3.91,0.00,BGN,COMPLETED,1486.33
CARD_PAYMENT,Current,2024-01-23 22:46:47,2024-01-24 17:18:25,Adobe,-23.52,0.00,BGN,COMPLETED,1462.81
CARD_PAYMENT,Current,2024-01-23 16:52:23,2024-01-24 17:19:29,Max Mark,-49.09,0.00,BGN,COMPLETED,1413.72
CARD_PAYMENT,Current,2024-01-23 16:42:54,2024-01-24 17:19:30,Max Mark,-34.00,0.00,BGN,COMPLETED,1379.72
CARD_PAYMENT,Current,2024-01-24 16:37:13,2024-01-25 17:17:02,Max Mark,-27.64,0.00,BGN,COMPLETED,1352.08
CARD_PAYMENT,Current,2024-01-24 16:47:50,2024-01-25 17:18:32,LUKOIL,-120.00,0.00,BGN,COMPLETED,1232.08
CARD_PAYMENT,Current,2024-01-25 16:50:30,2024-01-26 17:40:29,Max Mark,-27.57,0.00,BGN,COMPLETED,1204.51
CARD_PAYMENT,Current,2024-01-26 15:34:08,2024-01-27 17:21:21,Max Mark,-34.00,0.00,BGN,COMPLETED,1170.51
CARD_PAYMENT,Current,2024-01-26 17:17:17,2024-01-27 17:21:24,Max Mark,-68.09,0.00,BGN,COMPLETED,1102.42
CARD_PAYMENT,Current,2024-01-27 18:12:46,2024-01-28 06:42:49,Microsoft Store,-82.00,0.00,BGN,COMPLETED,1020.42
CARD_PAYMENT,Current,2024-01-28 02:18:35,2024-01-28 14:07:34,Apple,-14.99,0.00,BGN,COMPLETED,1005.43
CARD_PAYMENT,Current,2024-01-28 12:56:08,2024-01-29 03:42:06,AI Dungeon,-54.25,0.54,BGN,COMPLETED,950.64
CARD_PAYMENT,Current,2024-01-28 12:13:49,2024-01-29 14:30:25,Veles Food,-26.98,0.00,BGN,COMPLETED,923.66
CARD_PAYMENT,Current,2024-01-29 16:07:52,2024-01-30 15:10:04,Apteka Salviya,-49.40,0.00,BGN,COMPLETED,874.26
CARD_PAYMENT,Current,2024-01-29 16:40:07,2024-01-30 17:22:19,Max Mark,-45.64,0.00,BGN,COMPLETED,828.62
CARD_PAYMENT,Current,2024-01-27 14:10:39,2024-01-31 03:40:12,Max Mark,-61.15,0.00,BGN,COMPLETED,767.47
CARD_PAYMENT,Current,2024-01-30 18:15:49,2024-01-31 03:49:58,PlayStation,-144.00,0.00,BGN,COMPLETED,623.47
CARD_PAYMENT,Current,2024-01-30 16:49:19,2024-01-31 17:17:35,Max Mark,-44.00,0.00,BGN,COMPLETED,579.47
CARD_PAYMENT,Current,2024-01-31 11:56:11,2024-02-01 17:38:43,A1.bg,-87.00,0.00,BGN,COMPLETED,492.47
CARD_PAYMENT,Current,2024-02-01 13:38:14,2024-02-02 04:30:19,Apple,-17.99,0.00,BGN,COMPLETED,474.48
CARD_PAYMENT,Current,2024-02-01 17:02:18,2024-02-02 18:40:15,Max Mark,-49.87,0.00,BGN,COMPLETED,424.61
CARD_PAYMENT,Current,2024-02-02 14:21:47,2024-02-03 18:32:51,Max Mark,-20.40,0.00,BGN,COMPLETED,404.21
CARD_PAYMENT,Current,2024-02-02 17:05:20,2024-02-03 18:32:51,Max Mark,-77.98,0.00,BGN,COMPLETED,326.23
CARD_PAYMENT,Current,2024-02-02 14:27:03,2024-02-05 04:24:10,Maks Mark,-22.56,0.00,BGN,COMPLETED,303.67
CARD_PAYMENT,Current,2024-02-03 15:59:04,2024-02-05 17:56:13,Max Mark,-50.25,0.00,BGN,COMPLETED,253.42
CARD_PAYMENT,Current,2024-02-05 16:03:56,2024-02-06 15:05:36,Juppi,-1.65,0.00,BGN,COMPLETED,251.77
CARD_PAYMENT,Current,2024-02-05 16:57:15,2024-02-06 18:06:37,Max Mark,-21.21,0.00,BGN,COMPLETED,230.56
CARD_PAYMENT,Current,2024-02-06 16:38:08,2024-02-07 17:43:03,Max Mark,-24.85,0.00,BGN,COMPLETED,205.71
CARD_PAYMENT,Current,2024-02-07 16:48:04,2024-02-08 17:49:58,Max Mark,-20.68,0.00,BGN,COMPLETED,185.03
TOPUP,Current,2024-02-08 19:30:18,2024-02-08 19:30:49,Top-Up by *8847,2000.00,0.00,BGN,COMPLETED,2185.03
CARD_PAYMENT,Current,2024-02-08 19:37:49,2024-02-09 03:33:02,Allbirds,-519.76,0.00,BGN,COMPLETED,1665.27
CARD_PAYMENT,Current,2024-02-08 17:41:00,2024-02-09 15:02:57,Juppi,-34.00,0.00,BGN,COMPLETED,1631.27
CARD_PAYMENT,Current,2024-02-08 17:54:23,2024-02-09 18:01:55,Max Mark,-21.28,0.00,BGN,COMPLETED,1609.99
CARD_PAYMENT,Current,2024-02-09 16:57:02,2024-02-10 18:31:09,Max Mark,-72.61,0.00,BGN,COMPLETED,1537.38
CARD_PAYMENT,Current,2024-02-10 16:55:36,2024-02-12 18:30:07,Max Mark,-40.41,0.00,BGN,COMPLETED,1496.97
CARD_PAYMENT,Current,2024-02-12 16:43:27,2024-02-13 18:20:48,Max Mark,-39.36,0.00,BGN,COMPLETED,1457.61
CARD_PAYMENT,Current,2024-02-13 14:20:47,2024-02-14 14:41:57,Juppi,-35.65,0.00,BGN,COMPLETED,1421.96
CARD_PAYMENT,Current,2024-02-13 17:07:24,2024-02-14 17:32:16,Max Mark,-22.68,0.00,BGN,COMPLETED,1399.28
CARD_PAYMENT,Current,2024-02-14 16:57:10,2024-02-15 17:45:11,Max Mark,-25.91,0.00,BGN,COMPLETED,1373.37
CARD_PAYMENT,Current,2024-02-15 16:39:41,2024-02-16 19:09:57,Max Mark,-50.71,0.00,BGN,COMPLETED,1322.66
CARD_PAYMENT,Current,2024-02-16 17:00:20,2024-02-17 19:03:49,Max Mark,-46.72,0.00,BGN,COMPLETED,1275.94
CARD_PAYMENT,Current,2024-02-16 16:47:37,2024-02-18 17:37:52,Juppi,-34.00,0.00,BGN,COMPLETED,1241.94
TRANSFER,Current,2024-02-18 18:32:23,2024-02-18 18:32:23,Revolut Bank UAB,-100.00,0.00,BGN,COMPLETED,1141.94
CARD_PAYMENT,Current,2024-02-17 15:26:28,2024-02-19 18:22:40,Max Mark,-68.23,0.00,BGN,COMPLETED,1073.71
CARD_PAYMENT,Current,2024-02-19 17:26:50,2024-02-20 18:24:38,Max Mark,-39.40,0.00,BGN,COMPLETED,1034.31
CARD_PAYMENT,Current,2024-02-19 17:34:17,2024-02-20 18:26:53,LUKOIL,-124.68,0.00,BGN,COMPLETED,909.63
CARD_PAYMENT,Current,2024-02-20 12:13:03,2024-02-20 18:34:04,Spotify,-16.49,0.00,BGN,COMPLETED,893.14
CARD_PAYMENT,Current,2024-02-20 10:24:46,2024-02-20 18:41:58,YouTube,-16.99,0.00,BGN,COMPLETED,876.15
CARD_PAYMENT,Current,2024-02-20 11:13:39,2024-02-21 04:26:25,Apple,-20.99,0.00,BGN,COMPLETED,855.16
CARD_PAYMENT,Current,2024-02-20 16:53:46,2024-02-21 18:14:23,Max Mark,-34.14,0.00,BGN,COMPLETED,821.02
CARD_PAYMENT,Current,2024-02-21 07:36:33,2024-02-21 18:32:46,OpenAI,-43.56,0.00,BGN,COMPLETED,777.46
CARD_PAYMENT,Current,2024-02-21 16:25:46,2024-02-22 17:43:34,Juppi,-32.18,0.00,BGN,COMPLETED,745.28
CARD_PAYMENT,Current,2024-02-22 17:00:28,2024-02-23 18:51:42,Max Mark,-49.98,0.00,BGN,COMPLETED,695.30
CARD_PAYMENT,Current,2024-02-23 11:30:33,2024-02-23 19:00:57,Sky,-3.91,0.00,BGN,COMPLETED,691.39
CARD_PAYMENT,Current,2024-02-23 20:32:34,2024-02-24 18:28:20,Adobe,-23.54,0.00,BGN,COMPLETED,667.85
CARD_PAYMENT,Current,2024-02-23 16:59:27,2024-02-24 18:29:10,Max Mark,-38.13,0.00,BGN,COMPLETED,629.72
CARD_PAYMENT,Current,2024-02-23 16:41:22,2024-02-24 18:29:11,Max Mark,-35.50,0.00,BGN,COMPLETED,594.22
CARD_PAYMENT,Current,2024-02-24 14:13:42,2024-02-26 15:00:49,Veles Food,-5.80,0.00,BGN,COMPLETED,588.42
CARD_PAYMENT,Current,2024-02-24 13:38:46,2024-02-26 18:23:51,Max Mark,-109.29,0.00,BGN,COMPLETED,479.13
CARD_PAYMENT,Current,2024-02-25 15:45:10,2024-02-27 04:42:18,Saglasie 2,-20.90,0.00,BGN,COMPLETED,458.23
CARD_PAYMENT,Current,2024-02-26 17:15:35,2024-02-27 18:28:45,Max Mark,-17.64,0.00,BGN,COMPLETED,440.59
CARD_PAYMENT,Current,2024-02-28 02:18:20,2024-02-28 07:31:09,Apple,-14.99,0.00,BGN,COMPLETED,425.60
CARD_PAYMENT,Current,2024-02-27 16:55:19,2024-02-28 18:20:57,Max Mark,-32.59,0.00,BGN,COMPLETED,393.01
CARD_PAYMENT,Current,2024-02-28 17:21:55,2024-02-29 18:06:47,Max Mark,-53.39,0.00,BGN,COMPLETED,339.62
TOPUP,Current,2024-03-01 11:19:32,2024-03-01 11:21:10,Auto Top-Up by *8847,500.00,0.00,BGN,COMPLETED,839.62
TOPUP,Current,2024-03-01 11:21:20,2024-03-01 11:21:49,Top-Up by *8847,2000.00,0.00,BGN,COMPLETED,2839.62
CARD_PAYMENT,Current,2024-02-29 16:50:30,2024-03-01 19:31:42,Max Mark,-35.32,0.00,BGN,COMPLETED,2804.30
CARD_PAYMENT,Current,2024-03-01 13:38:17,2024-03-02 04:35:58,Apple,-17.99,0.00,BGN,COMPLETED,2786.31
CARD_PAYMENT,Current,2024-02-29 15:04:42,2024-03-02 04:40:55,Juppi,-35.50,0.00,BGN,COMPLETED,2750.81
CARD_PAYMENT,Current,2024-03-01 11:39:44,2024-03-02 05:00:00,Amazon,-68.71,0.00,BGN,COMPLETED,2682.10
CARD_PAYMENT,Current,2024-03-01 17:13:02,2024-03-02 18:49:46,Max Mark,-42.86,0.00,BGN,COMPLETED,2639.24
CARD_PAYMENT,Current,2024-03-01 14:49:55,2024-03-02 18:49:52,Max Mark,-1.65,0.00,BGN,COMPLETED,2637.59
CARD_PAYMENT,Current,2024-03-01 12:18:03,2024-03-02 19:09:50,Amazon,-15.61,0.00,BGN,COMPLETED,2621.98
CARD_PAYMENT,Current,2024-03-01 11:19:32,2024-03-02 19:09:52,Amazon,-149.39,0.00,BGN,COMPLETED,2472.59
CARD_PAYMENT,Current,2024-03-03 13:49:08,2024-03-04 17:39:45,Fantastico,-18.76,0.00,BGN,COMPLETED,2453.83
CARD_PAYMENT,Current,2024-03-02 14:12:53,2024-03-04 19:04:58,Max Mark,-39.81,0.00,BGN,COMPLETED,2414.02
CARD_PAYMENT,Current,2024-03-04 16:47:26,2024-03-06 04:34:02,Max Mark,-49.01,0.00,BGN,COMPLETED,2365.01
CARD_PAYMENT,Current,2024-03-06 17:12:20,2024-03-07 18:42:18,Max Mark,-18.75,0.00,BGN,COMPLETED,2346.26
CARD_PAYMENT,Current,2024-03-06 17:07:34,2024-03-07 18:42:49,Juppi,-35.50,0.00,BGN,COMPLETED,2310.76
CARD_PAYMENT,Current,2024-03-07 08:46:42,2024-03-07 21:34:16,GymBeam,-79.90,0.00,BGN,COMPLETED,2230.86
CARD_PAYMENT,Current,2024-03-07 17:54:12,2024-03-08 19:30:14,Max Mark,-38.83,0.00,BGN,COMPLETED,2192.03
CARD_PAYMENT,Current,2024-03-08 16:21:17,2024-03-09 21:47:00,Apteka Salviya,-71.20,0.00,BGN,COMPLETED,2120.83
CARD_PAYMENT,Current,2024-03-08 16:56:56,2024-03-10 00:38:21,Max Mark,-41.53,0.00,BGN,COMPLETED,2079.30
CARD_PAYMENT,Current,2024-03-10 15:09:57,2024-03-11 03:31:01,PlayStation,-14.90,0.00,BGN,COMPLETED,2064.40
CARD_PAYMENT,Current,2024-03-09 14:13:24,2024-03-11 22:54:08,Max Mark,-44.81,0.00,BGN,COMPLETED,2019.59
CARD_PAYMENT,Current,2024-03-11 16:52:26,2024-03-12 21:46:32,Max Mark,-27.17,0.00,BGN,COMPLETED,1992.42
CARD_PAYMENT,Current,2024-03-12 16:57:07,2024-03-13 20:13:43,Max Mark,-34.32,0.00,BGN,COMPLETED,1958.10
CARD_PAYMENT,Current,2024-03-12 16:51:09,2024-03-13 20:15:12,Juppi,-35.50,0.00,BGN,COMPLETED,1922.60
CARD_PAYMENT,Current,2024-03-14 09:09:51,,UNIQLO,-120.80,0.00,BGN,REVERTED,
CARD_PAYMENT,Current,2024-03-13 16:45:15,2024-03-14 22:29:19,Max Mark,-35.81,0.00,BGN,COMPLETED,1886.79
CARD_PAYMENT,Current,2024-03-14 19:58:33,2024-03-15 15:17:06,Fantastico,-11.73,0.00,BGN,COMPLETED,1875.06
CARD_PAYMENT,Current,2024-03-15 17:08:38,2024-03-17 03:21:30,Yuppi Ood,-31.86,0.00,BGN,COMPLETED,1843.20
CARD_PAYMENT,Current,2024-03-15 16:56:08,2024-03-17 17:01:08,Juppi,-35.50,0.00,BGN,COMPLETED,1807.70
CARD_PAYMENT,Current,2024-03-16 15:04:45,2024-03-18 13:33:07,Veles Food,-16.26,0.00,BGN,COMPLETED,1791.44
CARD_PAYMENT,Current,2024-03-17 12:49:18,2024-03-18 13:49:37,Fantastico,-12.00,0.00,BGN,COMPLETED,1779.44
CARD_PAYMENT,Current,2024-03-16 14:24:57,2024-03-18 18:43:22,Max Mark,-44.82,0.00,BGN,COMPLETED,1734.62
CARD_PAYMENT,Current,2024-03-16 14:35:37,2024-03-18 18:43:25,LUKOIL,-129.01,0.00,BGN,COMPLETED,1605.61
TRANSFER,Current,2024-03-18 19:36:57,2024-03-18 19:36:57,Revolut Bank UAB,-20.00,0.00,BGN,COMPLETED,1585.61
CARD_PAYMENT,Current,2024-03-18 17:13:48,2024-03-19 17:10:15,Max Mark,-50.13,0.00,BGN,COMPLETED,1535.48
CARD_PAYMENT,Current,2024-03-17 10:56:28,2024-03-20 03:21:55,Steam,-27.28,0.00,BGN,COMPLETED,1508.20
CARD_PAYMENT,Current,2024-03-19 16:53:30,2024-03-20 17:36:11,Max Mark,-28.60,0.00,BGN,COMPLETED,1479.60
CARD_PAYMENT,Current,2024-03-19 15:05:01,2024-03-20 17:36:47,Juppi,-1.48,0.00,BGN,COMPLETED,1478.12
CARD_PAYMENT,Current,2024-03-18 19:06:39,2024-03-21 03:12:57,Steam,-115.04,0.00,BGN,COMPLETED,1363.08
CARD_PAYMENT,Current,2024-03-20 10:16:43,2024-03-21 03:13:51,Apple,-20.99,0.00,BGN,COMPLETED,1342.09
CARD_PAYMENT,Current,2024-03-20 12:13:04,2024-03-21 03:26:05,Spotify,-16.49,0.00,BGN,COMPLETED,1325.60
CARD_PAYMENT,Current,2024-03-20 10:24:46,2024-03-21 03:38:43,YouTube,-16.99,0.00,BGN,COMPLETED,1308.61
CARD_PAYMENT,Current,2024-03-20 16:55:42,2024-03-21 17:30:40,Max Mark,-12.15,0.00,BGN,COMPLETED,1296.46
CARD_PAYMENT,Current,2024-03-21 08:54:52,2024-03-21 17:37:49,GymBeam,-93.80,0.00,BGN,COMPLETED,1202.66
CARD_PAYMENT,Current,2024-03-21 07:37:16,2024-03-21 17:39:56,OpenAI,-43.08,0.00,BGN,COMPLETED,1159.58
CARD_PAYMENT,Current,2024-03-21 16:36:29,2024-03-22 17:50:29,Max Mark,-35.50,0.00,BGN,COMPLETED,1124.08
CARD_PAYMENT,Current,2024-03-21 16:52:55,2024-03-22 17:50:29,Max Mark,-20.95,0.00,BGN,COMPLETED,1103.13
CARD_PAYMENT,Current,2024-03-22 16:37:29,2024-03-23 18:09:20,Max Mark,-96.60,0.00,BGN,COMPLETED,1006.53
CARD_PAYMENT,Current,2024-03-23 11:30:34,2024-03-23 18:21:56,Sky,-3.91,0.04,BGN,COMPLETED,1002.58
CARD_PAYMENT,Current,2024-03-23 18:25:12,2024-03-24 16:33:57,Adobe,-23.54,0.24,BGN,COMPLETED,978.80
CARD_PAYMENT,Current,2024-03-23 13:55:12,2024-03-25 17:47:01,Max Mark,-54.12,0.00,BGN,COMPLETED,924.68
CARD_PAYMENT,Current,2024-03-25 17:00:39,2024-03-26 16:54:19,Max Mark,-34.52,0.00,BGN,COMPLETED,890.16
TRANSFER,Current,2024-03-26 17:42:30,2024-03-26 17:42:30,Revolut Bank UAB,-30.00,0.00,BGN,COMPLETED,860.16
CARD_PAYMENT,Current,2024-03-25 10:19:41,2024-03-27 14:31:47,UNIQLO,-120.81,0.00,BGN,COMPLETED,739.35
CARD_PAYMENT,Current,2024-03-26 16:55:10,2024-03-27 17:14:51,Max Mark,-22.57,0.00,BGN,COMPLETED,716.78
CARD_PAYMENT,Current,2024-03-25 18:01:24,2024-03-28 03:29:51,Digital River,-44.80,0.00,BGN,COMPLETED,671.98
CARD_PAYMENT,Current,2024-03-28 01:18:14,2024-03-28 14:15:04,Apple,-14.99,0.00,BGN,COMPLETED,656.99
CARD_PAYMENT,Current,2024-03-27 17:00:34,2024-03-28 14:57:22,Apteka Salviya,-7.60,0.00,BGN,COMPLETED,649.39
CARD_PAYMENT,Current,2024-03-27 15:47:41,2024-03-28 17:42:00,Max Mark,-35.50,0.00,BGN,COMPLETED,613.89
CARD_PAYMENT,Current,2024-03-27 17:09:13,2024-03-28 17:42:40,Juppi,-53.58,0.00,BGN,COMPLETED,560.31
CARD_PAYMENT,Current,2024-03-28 17:02:25,2024-03-29 18:01:27,Max Mark,-35.29,0.00,BGN,COMPLETED,525.02
CARD_PAYMENT,Current,2024-03-29 16:41:13,2024-03-31 04:27:55,Max Mark,-59.41,0.00,BGN,COMPLETED,465.61
CARD_PAYMENT,Current,2024-03-30 13:53:11,2024-04-01 17:23:36,Max Mark,-62.09,0.00,BGN,COMPLETED,403.52
CARD_PAYMENT,Current,2024-04-01 13:36:38,2024-04-02 04:23:44,Apple,-17.99,0.00,BGN,COMPLETED,385.53
CARD_PAYMENT,Current,2024-04-01 17:02:41,2024-04-02 17:25:27,Max Mark,-32.42,0.00,BGN,COMPLETED,353.11
TOPUP,Current,2024-04-03 09:21:38,2024-04-03 09:21:51,Top-Up by *8847,2000.00,0.00,BGN,COMPLETED,2353.11
CARD_PAYMENT,Current,2024-04-02 16:56:45,2024-04-03 17:32:21,Max Mark,-71.00,0.00,BGN,COMPLETED,2282.11
CARD_PAYMENT,Current,2024-04-02 17:08:22,2024-04-03 17:32:23,Max Mark,-16.82,0.00,BGN,COMPLETED,2265.29
CARD_PAYMENT,Current,2024-04-03 09:20:03,2024-04-04 18:33:57,Vivacom,-23.70,0.00,BGN,COMPLETED,2241.59
CARD_PAYMENT,Current,2024-04-03 17:09:12,2024-04-04 18:35:40,Juppi,-49.80,0.00,BGN,COMPLETED,2191.79
CARD_PAYMENT,Current,2024-04-03 19:37:54,2024-04-05 04:34:24,vs.wheels,-570.45,0.00,BGN,COMPLETED,1621.34
CARD_PAYMENT,Current,2024-04-04 12:49:52,2024-04-05 17:31:47,OMV,-2.99,0.00,BGN,COMPLETED,1618.35
CARD_PAYMENT,Current,2024-04-05 11:40:14,2024-04-06 18:54:58,Fantastico,-11.08,0.00,BGN,COMPLETED,1607.27
CARD_PAYMENT,Current,2024-04-05 15:55:48,2024-04-06 18:55:03,Aquahouse Hotel And Sp,-146.00,0.00,BGN,COMPLETED,1461.27
CARD_PAYMENT,Current,2024-04-07 11:23:41,2024-04-08 14:24:40,iCenter - Apple Authorized Reseller,-109.00,0.00,BGN,COMPLETED,1352.27
CARD_PAYMENT,Current,2024-04-07 13:19:12,2024-04-08 14:25:19,Tehnomarket Shop,-37.99,0.00,BGN,COMPLETED,1314.28
CARD_PAYMENT,Current,2024-04-08 07:08:28,2024-04-08 15:56:18,Economedia,-288.00,0.00,BGN,COMPLETED,1026.28
CARD_PAYMENT,Current,2024-04-06 22:36:40,2024-04-08 18:11:56,Borovete I Ad,-54.00,0.00,BGN,COMPLETED,972.28
CARD_PAYMENT,Current,2024-04-07 10:36:47,2024-04-08 18:12:28,Borovete I Ad,-282.42,0.00,BGN,COMPLETED,689.86
CARD_PAYMENT,Current,2024-04-07 16:47:38,2024-04-09 04:40:50,Saglasie 2,-12.25,0.00,BGN,COMPLETED,677.61
CARD_PAYMENT,Current,2024-04-08 16:53:26,2024-04-09 18:00:22,Max Mark,-38.88,0.00,BGN,COMPLETED,638.73
CARD_PAYMENT,Current,2024-04-09 16:51:51,2024-04-10 17:49:41,Max Mark,-39.20,0.00,BGN,COMPLETED,599.53
CARD_PAYMENT,Current,2024-04-10 13:38:41,2024-04-11 15:48:21,Egov,-3.00,0.00,BGN,COMPLETED,596.53
CARD_PAYMENT,Current,2024-04-10 17:27:22,2024-04-11 18:32:17,Max Mark,-22.34,0.00,BGN,COMPLETED,574.19
CARD_PAYMENT,Current,2024-04-11 17:04:23,2024-04-12 18:47:58,Max Mark,-40.51,0.00,BGN,COMPLETED,533.68
CARD_PAYMENT,Current,2024-04-12 17:12:45,2024-04-14 07:49:29,Max Mark,-35.16,0.00,BGN,COMPLETED,498.52
CARD_PAYMENT,Current,2024-04-12 16:54:50,2024-04-14 07:49:34,Max Mark,-35.50,0.00,BGN,COMPLETED,463.02
CARD_PAYMENT,Current,2024-04-13 13:49:27,2024-04-15 14:31:46,Mat 2001 Ood,-50.00,0.00,BGN,COMPLETED,413.02
CARD_PAYMENT,Current,2024-04-13 14:07:41,2024-04-15 18:38:41,Max Mark,-67.49,0.00,BGN,COMPLETED,345.53
CARD_PAYMENT,Current,2024-04-14 14:35:18,2024-04-16 17:58:06,Saglasie 2,-16.60,0.00,BGN,COMPLETED,328.93
CARD_PAYMENT,Current,2024-04-15 18:32:25,2024-04-17 08:03:23,Max Mark,-22.19,0.00,BGN,COMPLETED,306.74
CARD_PAYMENT,Current,2024-04-16 17:24:47,2024-04-17 17:29:10,Max Mark,-22.25,0.00,BGN,COMPLETED,284.49
TOPUP,Current,2024-04-18 15:53:58,2024-04-18 15:54:14,Top-Up by *8847,2000.00,0.00,BGN,COMPLETED,2284.49
CARD_PAYMENT,Current,2024-04-17 17:12:25,2024-04-18 17:43:01,Max Mark,-30.81,0.00,BGN,COMPLETED,2253.68
CARD_PAYMENT,Current,2024-04-17 15:03:16,2024-04-18 17:45:12,Juppi,-1.30,0.00,BGN,COMPLETED,2252.38
CARD_PAYMENT,Current,2024-04-18 15:43:03,2024-04-19 15:27:58,Apteka Salviya,-24.30,0.00,BGN,COMPLETED,2228.08
CARD_PAYMENT,Current,2024-04-19 16:29:12,2024-04-22 13:40:55,Max Mark,-35.50,0.00,BGN,COMPLETED,2192.58
CARD_PAYMENT,Current,2024-04-19 17:09:12,2024-04-22 13:40:55,Max Mark,-37.79,0.00,BGN,COMPLETED,2154.79
CARD_PAYMENT,Current,2024-04-20 10:24:46,2024-04-22 14:06:58,YouTube,-16.99,0.00,BGN,COMPLETED,2137.80
CARD_PAYMENT,Current,2024-04-20 13:13:15,2024-04-22 14:35:51,Spotify,-16.49,0.00,BGN,COMPLETED,2121.31
CARD_PAYMENT,Current,2024-04-21 08:37:00,2024-04-22 17:39:48,OpenAI,-44.24,0.44,BGN,COMPLETED,2076.63
CARD_PAYMENT,Current,2024-04-20 11:13:38,2024-04-23 02:01:46,Apple,-20.99,0.00,BGN,COMPLETED,2055.64
CARD_PAYMENT,Current,2024-04-20 14:36:48,2024-04-23 02:03:41,Max Mark,-86.47,0.00,BGN,COMPLETED,1969.17
CARD_PAYMENT,Current,2024-04-22 16:56:11,2024-04-23 17:24:05,Max Mark,-29.57,0.00,BGN,COMPLETED,1939.60
CARD_PAYMENT,Current,2024-04-23 21:56:32,2024-04-24 04:48:04,Sky,-1.97,0.00,BGN,COMPLETED,1937.63
CARD_PAYMENT,Current,2024-04-23 21:56:30,2024-04-24 04:48:07,Sky,-3.91,0.00,BGN,COMPLETED,1933.72
CARD_PAYMENT,Current,2024-04-23 20:48:26,2024-04-24 17:13:56,Adobe,-23.54,0.00,BGN,COMPLETED,1910.18
CARD_PAYMENT,Current,2024-04-23 17:05:55,2024-04-24 17:14:59,Max Mark,-16.27,0.00,BGN,COMPLETED,1893.91
CARD_PAYMENT,Current,2024-04-24 17:11:55,2024-04-25 17:29:19,Max Mark,-40.65,0.00,BGN,COMPLETED,1853.26
CARD_PAYMENT,Current,2024-04-24 17:01:58,2024-04-25 17:29:23,Max Mark,-35.50,0.00,BGN,COMPLETED,1817.76
CARD_PAYMENT,Current,2024-04-25 09:00:02,2024-04-26 04:49:43,Amazon,-26.21,0.00,BGN,COMPLETED,1791.55
CARD_PAYMENT,Current,2024-04-26 09:44:10,2024-04-26 14:50:10,GymBeam,-147.80,0.00,BGN,COMPLETED,1643.75
CARD_PAYMENT,Current,2024-04-25 17:12:42,2024-04-26 17:24:34,Max Mark,-39.77,0.00,BGN,COMPLETED,1603.98
CARD_PAYMENT,Current,2024-04-26 17:17:45,2024-04-27 21:28:15,Maks Mark Ood,-20.61,0.00,BGN,COMPLETED,1583.37
CARD_PAYMENT,Current,2024-04-26 16:19:45,2024-04-27 21:28:22,Max Mark,-23.93,0.00,BGN,COMPLETED,1559.44
CARD_PAYMENT,Current,2024-04-28 02:18:27,2024-04-28 16:27:52,Apple,-14.99,0.00,BGN,COMPLETED,1544.45
CARD_PAYMENT,Current,2024-04-27 15:50:17,2024-04-28 17:01:30,Netflix,-19.62,0.20,BGN,COMPLETED,1524.63
CARD_PAYMENT,Current,2024-04-28 14:29:07,2024-04-29 14:19:27,Veles Food,-29.42,0.00,BGN,COMPLETED,1495.21
CARD_PAYMENT,Current,2024-04-27 19:51:55,2024-04-29 14:19:28,Deyzi 6718 Ood,-23.60,0.00,BGN,COMPLETED,1471.61
CARD_PAYMENT,Current,2024-04-27 14:38:51,2024-04-29 17:28:56,Max Mark,-45.34,0.00,BGN,COMPLETED,1426.27
CARD_PAYMENT,Current,2024-04-26 17:31:14,2024-04-29 17:30:51,LUKOIL,-147.84,0.00,BGN,COMPLETED,1278.43
CARD_PAYMENT,Current,2024-04-29 17:20:28,2024-04-30 17:26:24,Max Mark,-35.50,0.00,BGN,COMPLETED,1242.93
CARD_PAYMENT,Current,2024-04-29 17:00:17,2024-04-30 17:26:26,Max Mark,-36.83,0.00,BGN,COMPLETED,1206.10
CARD_PAYMENT,Current,2024-05-01 13:38:01,2024-05-02 04:53:28,Apple,-17.99,0.00,BGN,COMPLETED,1188.11
CARD_PAYMENT,Current,2024-05-01 16:48:48,2024-05-02 17:19:44,Max Mark,-55.32,0.00,BGN,COMPLETED,1132.79
CARD_PAYMENT,Current,2024-05-01 10:54:30,2024-05-03 07:55:16,UNIQLO,-175.36,0.00,BGN,COMPLETED,957.43
CARD_PAYMENT,Current,2024-05-02 16:03:19,2024-05-03 18:30:24,Max Mark,-70.58,0.00,BGN,COMPLETED,886.85
CARD_PAYMENT,Current,2024-05-02 09:57:14,2024-05-03 18:36:49,global-e.nl,-507.00,0.00,BGN,COMPLETED,379.85
CARD_PAYMENT,Current,2024-05-03 10:57:02,2024-05-04 04:52:06,Microsoft Store,-1.99,0.00,BGN,COMPLETED,377.86
TOPUP,Current,2024-05-04 14:16:23,2024-05-04 14:16:28,Auto Top-Up by *8847,500.00,0.00,BGN,COMPLETED,877.86
CARD_PAYMENT,Current,2024-05-03 10:33:06,2024-05-04 18:40:39,Vivacom,-22.91,0.00,BGN,COMPLETED,854.95
CARD_PAYMENT,Current,2024-05-03 16:00:11,2024-05-04 18:40:43,Max Mark,-35.50,0.00,BGN,COMPLETED,819.45
CARD_PAYMENT,Current,2024-05-03 14:56:50,2024-05-04 18:40:43,Max Mark,-61.26,0.00,BGN,COMPLETED,758.19
CARD_PAYMENT,Current,2024-05-04 16:38:28,2024-05-05 04:36:33,Apple,-14.99,0.00,BGN,COMPLETED,743.20
CARD_PAYMENT,Current,2024-05-04 16:39:27,2024-05-05 04:36:33,Apple,-14.99,0.00,BGN,COMPLETED,728.21
CARD_PAYMENT,Current,2024-05-04 14:16:22,2024-05-06 17:16:58,Max Mark,-141.65,0.00,BGN,COMPLETED,586.56
CARD_PAYMENT,Current,2024-05-06 14:03:19,2024-05-07 18:29:19,Max Mark,-17.17,0.00,BGN,COMPLETED,569.39
CARD_PAYMENT,Current,2024-05-07 16:51:19,2024-05-08 18:08:51,Max Mark,-11.51,0.00,BGN,COMPLETED,557.88
TOPUP,Current,2024-05-08 19:03:26,2024-05-08 19:03:42,Top-Up by *8847,2000.00,0.00,BGN,COMPLETED,2557.88
CARD_PAYMENT,Current,2024-05-08 19:04:30,2024-05-09 04:54:18,AudioMonkey,-485.00,0.00,BGN,COMPLETED,2072.88
CARD_PAYMENT,Current,2024-05-08 17:35:38,2024-05-09 18:30:56,Max Mark,-29.08,0.00,BGN,COMPLETED,2043.80
CARD_PAYMENT,Current,2024-05-08 16:21:20,2024-05-09 18:32:37,Juppi,-2.90,0.00,BGN,COMPLETED,2040.90
CARD_PAYMENT,Current,2024-05-08 10:00:37,2024-05-09 18:40:15,Smdl Milab Go Eood,-91.40,0.00,BGN,COMPLETED,1949.50
CARD_PAYMENT,Current,2024-05-09 16:59:05,2024-05-10 18:07:18,Max Mark,-23.22,0.00,BGN,COMPLETED,1926.28
CARD_PAYMENT,Current,2024-05-09 16:09:35,2024-05-10 18:07:19,Max Mark,-35.50,0.00,BGN,COMPLETED,1890.78
CARD_PAYMENT,Current,2024-05-10 16:36:48,2024-05-11 18:41:39,Max Mark,-45.33,0.00,BGN,COMPLETED,1845.45
CARD_PAYMENT,Current,2024-05-11 15:28:33,2024-05-12 04:50:53,Microsoft Store,-1.99,0.00,BGN,COMPLETED,1843.46
CARD_PAYMENT,Current,2024-05-12 14:40:48,2024-05-13 15:10:40,Deyzi 6718 Ood,-41.70,0.00,BGN,COMPLETED,1801.76
CARD_PAYMENT,Current,2024-05-11 13:54:13,2024-05-13 18:13:35,Max Mark,-44.87,0.00,BGN,COMPLETED,1756.89
CARD_PAYMENT,Current,2024-05-13 17:00:37,2024-05-14 17:36:25,Max Mark,-14.04,0.00,BGN,COMPLETED,1742.85
CARD_PAYMENT,Current,2024-05-14 16:40:22,2024-05-15 17:25:52,Max Mark,-35.50,0.00,BGN,COMPLETED,1707.35
CARD_PAYMENT,Current,2024-05-14 16:46:04,2024-05-15 17:25:55,Max Mark,-22.49,0.00,BGN,COMPLETED,1684.86
CARD_PAYMENT,Current,2024-05-15 17:06:52,2024-05-16 17:35:31,Max Mark,-13.53,0.00,BGN,COMPLETED,1671.33
CARD_PAYMENT,Current,2024-05-17 05:12:02,2024-05-17 15:15:07,Xbox,-15.00,0.00,BGN,COMPLETED,1656.33
CARD_PAYMENT,Current,2024-05-16 15:30:23,2024-05-17 17:52:13,Max Mark,-7.10,0.00,BGN,COMPLETED,1649.23
CARD_PAYMENT,Current,2024-05-16 16:56:33,2024-05-17 17:52:15,Max Mark,-36.18,0.00,BGN,COMPLETED,1613.05
CARD_PAYMENT,Current,2024-05-17 13:46:12,2024-05-18 18:23:14,Max Mark,-1.48,0.00,BGN,COMPLETED,1611.57
CARD_PAYMENT,Current,2024-05-17 16:34:22,2024-05-18 18:23:17,Max Mark,-54.12,0.00,BGN,COMPLETED,1557.45
CARD_PAYMENT,Current,2024-05-20 16:10:08,,Google,-2.00,0.00,BGN,REVERTED,
CARD_PAYMENT,Current,2024-05-18 14:42:00,2024-05-20 17:30:23,Max Mark,-47.30,0.00,BGN,COMPLETED,1510.15
CARD_PAYMENT,Current,2024-05-20 13:13:16,2024-05-20 17:36:49,Spotify,-16.49,0.00,BGN,COMPLETED,1493.66
CARD_PAYMENT,Current,2024-05-20 10:24:47,2024-05-20 17:43:30,YouTube,-16.99,0.00,BGN,COMPLETED,1476.67
CARD_PAYMENT,Current,2024-05-20 11:13:48,2024-05-21 04:35:14,Apple,-20.99,0.00,BGN,COMPLETED,1455.68
CARD_PAYMENT,Current,2024-05-21 08:18:12,2024-05-21 17:26:39,Google Drive,-209.99,0.00,BGN,COMPLETED,1245.69
CARD_PAYMENT,Current,2024-05-20 16:55:05,2024-05-21 17:27:27,Max Mark,-43.08,0.00,BGN,COMPLETED,1202.61
CARD_PAYMENT,Current,2024-05-20 17:02:07,2024-05-21 17:29:03,LUKOIL,-122.00,0.00,BGN,COMPLETED,1080.61
CARD_PAYMENT,Current,2024-05-21 08:36:24,2024-05-21 17:43:03,OpenAI,-43.39,0.00,BGN,COMPLETED,1037.22
CARD_PAYMENT,Current,2024-05-21 14:52:49,2024-05-22 14:42:57,Apteka Salviya,-61.55,0.00,BGN,COMPLETED,975.67
CARD_PAYMENT,Current,2024-05-21 16:34:33,2024-05-22 17:25:17,Max Mark,-24.27,0.00,BGN,COMPLETED,951.40
CARD_PAYMENT,Current,2024-05-21 16:09:20,2024-05-22 17:25:19,Max Mark,-35.50,0.00,BGN,COMPLETED,915.90
CARD_PAYMENT,Current,2024-05-22 17:02:05,2024-05-23 17:21:03,Maks Mark Ood,-4.22,0.00,BGN,COMPLETED,911.68
CARD_PAYMENT,Current,2024-05-22 17:05:49,2024-05-23 17:21:09,Max Mark,-39.48,0.00,BGN,COMPLETED,872.20
CARD_PAYMENT,Current,2024-05-23 12:30:39,2024-05-23 17:28:30,Sky,-1.97,0.00,BGN,COMPLETED,870.23
CARD_PAYMENT,Current,2024-05-23 12:30:37,2024-05-23 17:28:35,Sky,-3.91,0.00,BGN,COMPLETED,866.32
CARD_PAYMENT,Current,2024-05-23 19:11:31,2024-05-24 17:29:06,Adobe,-23.54,0.00,BGN,COMPLETED,842.78
CARD_PAYMENT,Current,2024-05-23 16:56:18,2024-05-24 17:29:43,Max Mark,-23.38,0.00,BGN,COMPLETED,819.40
CARD_PAYMENT,Current,2024-05-24 16:19:40,2024-05-26 04:31:08,Maks Mark Ood,-4.22,0.00,BGN,COMPLETED,815.18
CARD_PAYMENT,Current,2024-05-24 16:31:04,2024-05-26 04:31:20,Max Mark,-89.83,0.00,BGN,COMPLETED,725.35
CARD_PAYMENT,Current,2024-05-24 14:24:22,2024-05-26 04:31:24,Max Mark,-35.50,0.00,BGN,COMPLETED,689.85
CARD_PAYMENT,Current,2024-05-24 16:35:09,2024-05-26 04:31:24,Max Mark,-2.27,0.00,BGN,COMPLETED,687.58
CARD_PAYMENT,Current,2024-05-25 05:55:32,2024-05-26 04:46:15,Microsoft,-15.00,0.00,BGN,COMPLETED,672.58
CARD_PAYMENT,Current,2024-05-27 04:31:04,2024-05-27 15:23:00,Netflix,-19.63,0.00,BGN,COMPLETED,652.95
CARD_PAYMENT,Current,2024-05-28 02:18:22,2024-05-28 14:02:59,Apple,-14.99,0.00,BGN,COMPLETED,637.96
CARD_PAYMENT,Current,2024-05-27 16:59:08,2024-05-28 17:28:54,Max Mark,-33.16,0.00,BGN,COMPLETED,604.80
CARD_PAYMENT,Current,2024-05-28 16:28:57,2024-05-29 18:03:34,Maks Mark Ood,-15.38,0.00,BGN,COMPLETED,589.42
CARD_PAYMENT,Current,2024-05-28 16:40:06,2024-05-29 18:03:45,Max Mark,-32.30,0.00,BGN,COMPLETED,557.12
CARD_PAYMENT,Current,2024-05-29 16:18:17,2024-05-30 17:25:03,Max Mark,-37.19,0.00,BGN,COMPLETED,519.93
CARD_PAYMENT,Current,2024-05-30 16:45:33,2024-05-31 18:16:40,Max Mark,-36.87,0.00,BGN,COMPLETED,483.06
CARD_PAYMENT,Current,2024-05-31 16:55:05,2024-06-01 18:31:36,Max Mark,-47.14,0.00,BGN,COMPLETED,435.92
CARD_PAYMENT,Current,2024-05-31 14:25:08,2024-06-01 18:31:44,Max Mark,-37.15,0.00,BGN,COMPLETED,398.77
CARD_PAYMENT,Current,2024-06-01 13:36:56,2024-06-02 15:44:15,Apple,-17.99,0.00,BGN,COMPLETED,380.78
CARD_PAYMENT,Current,2024-06-04 16:39:32,2024-06-05 18:39:05,Max Mark,-42.39,0.00,BGN,COMPLETED,338.39
TOPUP,Current,2024-06-06 09:55:28,2024-06-06 09:55:42,Top-Up by *8847,2000.00,0.00,BGN,COMPLETED,2338.39
CARD_PAYMENT,Current,2024-06-05 16:50:54,2024-06-06 18:34:34,Max Mark,-32.59,0.00,BGN,COMPLETED,2305.80
CARD_PAYMENT,Current,2024-06-06 17:41:12,2024-06-07 18:52:24,Max Mark,-18.40,0.00,BGN,COMPLETED,2287.40
CARD_PAYMENT,Current,2024-06-06 16:21:17,2024-06-07 18:54:51,Juppi,-3.70,0.00,BGN,COMPLETED,2283.70
CARD_PAYMENT,Current,2024-06-07 17:01:17,2024-06-08 18:37:43,Max Mark,-35.50,0.00,BGN,COMPLETED,2248.20
CARD_PAYMENT,Current,2024-06-07 17:16:16,2024-06-08 18:37:43,Max Mark,-63.19,0.00,BGN,COMPLETED,2185.01
CARD_PAYMENT,Current,2024-06-09 14:13:29,2024-06-10 15:01:38,Veles Food,-11.49,0.00,BGN,COMPLETED,2173.52
CARD_PAYMENT,Current,2024-06-08 13:57:23,2024-06-10 15:01:38,Veles Food,-19.29,0.00,BGN,COMPLETED,2154.23
CARD_PAYMENT,Current,2024-06-10 17:00:48,2024-06-11 17:53:00,Max Mark,-43.53,0.00,BGN,COMPLETED,2110.70
CARD_PAYMENT,Current,2024-06-11 16:14:37,2024-06-12 17:46:21,Max Mark,-26.80,0.00,BGN,COMPLETED,2083.90
CARD_PAYMENT,Current,2024-06-12 15:03:43,2024-06-13 18:22:34,Max Mark,-35.50,0.00,BGN,COMPLETED,2048.40
TRANSFER,Current,2024-06-14 08:11:41,2024-06-14 08:11:41,Revolut Bank UAB,-918.00,0.00,BGN,COMPLETED,1130.40
CARD_PAYMENT,Current,2024-06-13 18:39:04,2024-06-14 17:23:15,HBO Max,-78.33,0.00,BGN,COMPLETED,1052.07
CARD_PAYMENT,Current,2024-06-13 16:57:57,2024-06-14 19:26:05,Max Mark,-37.94,0.00,BGN,COMPLETED,1014.13
CARD_PAYMENT,Current,2024-06-14 17:19:40,2024-06-15 18:50:28,Max Mark,-83.05,0.00,BGN,COMPLETED,931.08
TRANSFER,Current,2024-06-16 17:48:28,2024-06-16 17:48:29,Revolut Bank UAB,-50.00,0.00,BGN,COMPLETED,881.08
CARD_PAYMENT,Current,2024-06-15 14:11:50,2024-06-17 14:52:43,Veles Food,-3.49,0.00,BGN,COMPLETED,877.59
CARD_PAYMENT,Current,2024-06-17 15:12:52,2024-06-18 08:07:50,Microsoft,-15.00,0.00,BGN,COMPLETED,862.59
TOPUP,Current,2024-06-18 16:40:04,2024-06-18 16:40:15,Top-Up by *8847,2000.00,0.00,BGN,COMPLETED,2862.59
CARD_PAYMENT,Current,2024-06-17 17:14:06,2024-06-19 04:21:35,Max Mark,-66.73,0.00,BGN,COMPLETED,2795.86
CARD_PAYMENT,Current,2024-06-17 17:01:48,2024-06-19 04:21:38,Max Mark,-7.40,0.00,BGN,COMPLETED,2788.46
CARD_PAYMENT,Current,2024-06-17 17:00:10,2024-06-19 04:21:42,Max Mark,-29.60,0.00,BGN,COMPLETED,2758.86
CARD_PAYMENT,Current,2024-06-18 16:42:07,2024-06-19 18:31:36,Max Mark,-37.53,0.00,BGN,COMPLETED,2721.33
CARD_PAYMENT,Current,2024-06-17 22:04:27,2024-06-20 08:25:26,Amazon,-490.80,0.00,BGN,COMPLETED,2230.53
CARD_PAYMENT,Current,2024-06-19 16:51:54,2024-06-20 18:31:52,Max Mark,-54.78,0.00,BGN,COMPLETED,2175.75
CARD_PAYMENT,Current,2024-06-19 17:01:52,2024-06-20 18:33:32,LUKOIL,-117.17,0.00,BGN,COMPLETED,2058.58
CARD_PAYMENT,Current,2024-06-20 10:24:46,2024-06-20 18:50:30,YouTube,-16.99,0.00,BGN,COMPLETED,2041.59
CARD_PAYMENT,Current,2024-06-20 11:13:35,2024-06-21 04:34:53,Apple,-20.99,0.00,BGN,COMPLETED,2020.60
CARD_PAYMENT,Current,2024-06-20 13:13:11,2024-06-21 04:44:41,Spotify,-16.49,0.00,BGN,COMPLETED,2004.11
CARD_PAYMENT,Current,2024-06-20 16:57:56,2024-06-21 17:22:40,Max Mark,-42.36,0.00,BGN,COMPLETED,1961.75
CARD_PAYMENT,Current,2024-06-21 08:37:03,2024-06-21 17:32:11,OpenAI,-43.95,0.00,BGN,COMPLETED,1917.80
CARD_PAYMENT,Current,2024-06-21 18:26:07,2024-06-22 04:39:38,PlayStation,-14.90,0.00,BGN,COMPLETED,1902.90
CARD_PAYMENT,Current,2024-06-21 17:06:05,2024-06-22 17:24:10,Max Mark,-66.62,0.00,BGN,COMPLETED,1836.28
CARD_PAYMENT,Current,2024-06-21 14:16:38,2024-06-22 17:24:10,Max Mark,-38.65,0.00,BGN,COMPLETED,1797.63
CARD_PAYMENT,Current,2024-06-23 12:30:29,2024-06-23 17:28:23,Sky,-3.91,0.04,BGN,COMPLETED,1793.68
CARD_PAYMENT,Current,2024-06-23 12:30:36,2024-06-23 17:28:45,Sky,-1.97,0.02,BGN,COMPLETED,1791.69
CARD_PAYMENT,Current,2024-06-23 12:56:13,2024-06-24 04:26:51,Apple,-14.99,0.00,BGN,COMPLETED,1776.70
CARD_PAYMENT,Current,2024-06-23 12:52:49,2024-06-24 04:26:53,Apple,-14.99,0.00,BGN,COMPLETED,1761.71
CARD_PAYMENT,Current,2024-06-23 17:08:11,2024-06-24 19:23:43,Adobe,-23.55,0.24,BGN,COMPLETED,1737.92
CARD_PAYMENT,Current,2024-06-24 17:17:36,2024-06-25 19:07:42,Max Mark,-44.31,0.00,BGN,COMPLETED,1693.61
CARD_PAYMENT,Current,2024-06-25 14:31:20,2024-06-26 04:54:50,Microsoft,-15.00,0.00,BGN,COMPLETED,1678.61
CARD_PAYMENT,Current,2024-06-25 16:32:54,2024-06-26 17:32:13,Max Mark,-25.87,0.00,BGN,COMPLETED,1652.74
CARD_PAYMENT,Current,2024-06-26 16:32:34,2024-06-27 19:41:40,Max Mark,-37.00,0.00,BGN,COMPLETED,1615.74
CARD_PAYMENT,Current,2024-06-26 16:48:15,2024-06-27 19:41:40,Max Mark,-68.45,0.00,BGN,COMPLETED,1547.29
CARD_PAYMENT,Current,2024-06-28 02:20:45,2024-06-28 18:07:47,Apple,-14.99,0.00,BGN,COMPLETED,1532.30
CARD_PAYMENT,Current,2024-06-27 15:23:34,2024-06-28 18:32:04,Humusbar Ring,-2.50,0.00,BGN,COMPLETED,1529.80
CARD_PAYMENT,Current,2024-06-27 22:01:14,2024-06-28 21:31:46,Rila Megatur Ood,-97.10,0.00,BGN,COMPLETED,1432.70
CARD_PAYMENT,Current,2024-06-27 14:18:02,2024-06-28 21:32:14,Tramplinni Parkove Zon,-26.98,0.00,BGN,COMPLETED,1405.72
CARD_PAYMENT,Current,2024-06-27 16:12:18,2024-06-28 21:42:49,Flocafe Espresso Room,-36.80,0.00,BGN,COMPLETED,1368.92
CARD_PAYMENT,Current,2024-06-27 16:21:25,2024-06-28 21:48:25,Top 65 Ood,-3.99,0.00,BGN,COMPLETED,1364.93
CARD_PAYMENT,Current,2024-06-28 21:56:14,2024-06-29 20:21:40,Rila Megatur Ood,-33.20,0.00,BGN,COMPLETED,1331.73
TRANSFER,Current,2024-06-30 19:27:48,2024-06-30 19:27:48,Revolut Bank UAB,-50.00,0.00,BGN,COMPLETED,1281.73
CARD_PAYMENT,Current,2024-06-29 10:29:28,2024-07-01 16:29:24,X Team,-2.70,0.00,BGN,COMPLETED,1279.03
CARD_PAYMENT,Current,2024-06-29 22:17:20,2024-07-01 21:41:21,Rila Megatur Ood,-106.00,0.00,BGN,COMPLETED,1173.03
CARD_PAYMENT,Current,2024-06-30 15:25:55,2024-07-01 21:41:26,Amrest Eood,-17.90,0.00,BGN,COMPLETED,1155.13
CARD_PAYMENT,Current,2024-06-30 11:03:24,2024-07-01 21:42:01,Rila Megatur Ood,-5.00,0.00,BGN,COMPLETED,1150.13
CARD_PAYMENT,Current,2024-07-01 13:36:42,2024-07-02 04:43:41,Apple,-17.99,0.00,BGN,COMPLETED,1132.14
CARD_PAYMENT,Current,2024-07-01 13:54:51,2024-07-02 20:17:35,Max Mark,-46.14,0.00,BGN,COMPLETED,1086.00
CARD_PAYMENT,Current,2024-07-01 13:46:15,2024-07-02 20:17:37,Max Mark,-37.00,0.00,BGN,COMPLETED,1049.00
CARD_PAYMENT,Current,2024-07-02 16:45:19,2024-07-03 18:25:32,Max Mark,-41.00,0.00,BGN,COMPLETED,1008.00
CARD_PAYMENT,Current,2024-07-03 16:30:28,2024-07-04 16:12:04,Apteka Salviya,-75.35,0.00,BGN,COMPLETED,932.65
CARD_PAYMENT,Current,2024-07-03 16:35:38,2024-07-04 18:31:22,Max Mark,-40.44,0.00,BGN,COMPLETED,892.21
CARD_PAYMENT,Current,2024-07-04 16:45:05,2024-07-05 19:56:29,Max Mark,-49.04,0.00,BGN,COMPLETED,843.17
CARD_PAYMENT,Current,2024-07-05 16:47:32,2024-07-07 04:36:09,Max Mark,-135.82,0.00,BGN,COMPLETED,707.35
CARD_PAYMENT,Current,2024-07-05 16:51:20,2024-07-07 04:36:11,Max Mark,-37.00,0.00,BGN,COMPLETED,670.35
CARD_PAYMENT,Current,2024-07-06 09:45:39,2024-07-07 08:45:48,Wondershare,-87.04,0.87,BGN,COMPLETED,582.44
CARD_PAYMENT,Current,2024-07-07 17:47:45,2024-07-09 04:51:44,Saglasie 2,-11.05,0.00,BGN,COMPLETED,571.39
CARD_PAYMENT,Current,2024-07-08 19:08:16,2024-07-09 05:01:34,GymBeam,-137.15,0.00,BGN,COMPLETED,434.24
CARD_PAYMENT,Current,2024-07-08 16:39:00,2024-07-09 23:15:23,Max Mark,-33.30,0.00,BGN,COMPLETED,400.94
CARD_PAYMENT,Current,2024-07-09 17:59:05,2024-07-10 21:09:08,Max Mark,-42.15,0.00,BGN,COMPLETED,358.79
CARD_PAYMENT,Current,2024-07-10 17:05:56,2024-07-11 19:11:37,Max Mark,-39.65,0.00,BGN,COMPLETED,319.14
TOPUP,Current,2024-07-12 15:19:20,2024-07-12 15:20:48,Top-Up by *8847,2000.00,0.00,BGN,COMPLETED,2319.14
CARD_PAYMENT,Current,2024-07-11 17:15:25,2024-07-12 18:43:29,Max Mark,-37.00,0.00,BGN,COMPLETED,2282.14
CARD_PAYMENT,Current,2024-07-11 17:29:17,2024-07-12 18:43:31,Max Mark,-28.52,0.00,BGN,COMPLETED,2253.62
CARD_PAYMENT,Current,2024-07-12 15:22:37,2024-07-13 18:43:48,Maks Mark Ood,-20.61,0.00,BGN,COMPLETED,2233.01
CARD_PAYMENT,Current,2024-07-12 16:46:30,2024-07-13 18:44:01,Max Mark,-74.08,0.00,BGN,COMPLETED,2158.93
CARD_PAYMENT,Current,2024-07-12 16:53:58,2024-07-13 18:45:42,LUKOIL,-77.51,0.00,BGN,COMPLETED,2081.42
CARD_PAYMENT,Current,2024-07-13 22:26:54,2024-07-15 17:20:50,Natsional,-86.40,0.00,BGN,COMPLETED,1995.02
CARD_PAYMENT,Current,2024-07-13 18:54:07,2024-07-15 20:42:59,Biznes Nedevi Eood,-16.10,0.00,BGN,COMPLETED,1978.92
CARD_PAYMENT,Current,2024-07-13 14:59:12,2024-07-15 20:53:02,Donatex I Ko Eood,-128.00,0.00,BGN,COMPLETED,1850.92
CARD_PAYMENT,Current,2024-07-15 10:37:00,2024-07-16 05:06:38,Amazon,-255.34,0.00,BGN,COMPLETED,1595.58
CARD_PAYMENT,Current,2024-07-15 16:32:13,2024-07-16 21:29:06,Max Mark,-37.00,0.00,BGN,COMPLETED,1558.58
CARD_PAYMENT,Current,2024-07-15 16:43:02,2024-07-16 21:29:11,Max Mark,-49.79,0.00,BGN,COMPLETED,1508.79
CARD_PAYMENT,Current,2024-07-16 17:09:06,2024-07-17 20:39:33,Max Mark,-24.65,0.00,BGN,COMPLETED,1484.14
CARD_PAYMENT,Current,2024-07-17 14:52:49,2024-07-18 08:27:02,Microsoft,-15.00,0.00,BGN,COMPLETED,1469.14
CARD_PAYMENT,Current,2024-07-17 17:21:08,2024-07-18 18:28:13,Max Mark,-41.26,0.00,BGN,COMPLETED,1427.88
CARD_PAYMENT,Current,2024-07-18 15:54:25,2024-07-19 16:02:14,Apteka Salviya,-13.25,0.00,BGN,COMPLETED,1414.63
CARD_PAYMENT,Current,2024-07-18 15:56:02,2024-07-20 16:14:19,Max Mark,-37.00,0.00,BGN,COMPLETED,1377.63
CARD_PAYMENT,Current,2024-07-18 16:36:43,2024-07-20 16:14:19,Max Mark,-93.42,0.00,BGN,COMPLETED,1284.21
CARD_PAYMENT,Current,2024-07-20 10:24:45,2024-07-20 19:01:36,YouTube,-16.99,0.00,BGN,COMPLETED,1267.22
CARD_PAYMENT,Current,2024-07-20 11:13:37,2024-07-21 04:47:43,Apple,-20.99,0.00,BGN,COMPLETED,1246.23
CARD_PAYMENT,Current,2024-07-20 13:13:07,2024-07-21 04:57:41,Spotify,-16.49,0.00,BGN,COMPLETED,1229.74
CARD_PAYMENT,Current,2024-07-21 08:38:37,2024-07-21 17:26:03,OpenAI,-43.37,0.43,BGN,COMPLETED,1185.94
CARD_PAYMENT,Current,2024-07-20 13:13:31,2024-07-22 17:32:11,Kemp Layf Ood,-26.00,0.00,BGN,COMPLETED,1159.94
CARD_PAYMENT,Current,2024-07-22 16:34:34,2024-07-23 17:39:26,Max Mark,-31.98,0.00,BGN,COMPLETED,1127.96
CARD_PAYMENT,Current,2024-07-23 12:30:37,2024-07-23 17:46:48,Sky,-1.97,0.00,BGN,COMPLETED,1125.99
CARD_PAYMENT,Current,2024-07-23 12:30:30,2024-07-23 17:47:12,Sky,-3.91,0.00,BGN,COMPLETED,1122.08
CARD_PAYMENT,Current,2024-07-23 17:08:17,2024-07-24 17:53:18,Adobe,-23.56,0.00,BGN,COMPLETED,1098.52
CARD_PAYMENT,Current,2024-07-23 16:29:31,2024-07-24 17:53:55,Max Mark,-37.00,0.00,BGN,COMPLETED,1061.52
CARD_PAYMENT,Current,2024-07-23 16:41:16,2024-07-24 17:54:00,Max Mark,-59.85,0.00,BGN,COMPLETED,1001.67
CARD_PAYMENT,Current,2024-07-23 19:14:07,2024-07-25 04:40:54,PayPal,-294.64,0.00,BGN,COMPLETED,707.03
CARD_PAYMENT,Current,2024-07-24 18:02:34,2024-07-25 04:58:24,Anthropic,-42.43,0.00,BGN,COMPLETED,664.60
CARD_PAYMENT,Current,2024-07-24 16:43:28,2024-07-25 17:24:39,Max Mark,-36.42,0.00,BGN,COMPLETED,628.18
CARD_PAYMENT,Current,2024-07-24 17:03:15,2024-07-25 17:26:00,LUKOIL,-120.38,0.00,BGN,COMPLETED,507.80
CARD_PAYMENT,Current,2024-07-25 06:40:27,2024-07-26 04:57:20,Microsoft,-15.00,0.00,BGN,COMPLETED,492.80
CARD_PAYMENT,Current,2024-07-25 17:02:51,2024-07-26 17:48:22,Max Mark,-41.87,0.00,BGN,COMPLETED,450.93
TOPUP,Current,2024-07-27 15:30:53,2024-07-27 15:31:08,Top-Up by *8847,2000.00,0.00,BGN,COMPLETED,2450.93
CARD_PAYMENT,Current,2024-07-26 17:11:57,2024-07-27 18:40:48,Max Mark,-58.57,0.00,BGN,COMPLETED,2392.36
CARD_PAYMENT,Current,2024-07-26 17:15:03,2024-07-27 18:40:50,Max Mark,-13.80,0.00,BGN,COMPLETED,2378.56
CARD_PAYMENT,Current,2024-07-28 02:18:25,2024-07-28 14:24:00,Apple,-14.99,0.00,BGN,COMPLETED,2363.57
CARD_PAYMENT,Current,2024-07-28 19:29:14,2024-07-29 14:15:23,Food store,-13.48,0.00,BGN,COMPLETED,2350.09
CARD_PAYMENT,Current,2024-07-27 20:22:38,2024-07-29 14:15:39,Deyzi 6718 Ood,-22.70,0.00,BGN,COMPLETED,2327.39
CARD_PAYMENT,Current,2024-07-29 16:50:48,2024-07-30 18:34:13,Max Mark,-45.62,0.00,BGN,COMPLETED,2281.77
CARD_PAYMENT,Current,2024-07-29 10:18:05,2024-07-31 04:59:03,Amazon,-90.35,0.00,BGN,COMPLETED,2191.42
CARD_PAYMENT,Current,2024-07-27 15:29:48,2024-07-31 04:59:03,Amazon,-123.53,1.24,BGN,COMPLETED,2066.65
CARD_PAYMENT,Current,2024-07-30 16:40:55,2024-07-31 17:51:42,Max Mark,-51.71,0.00,BGN,COMPLETED,2014.94
CARD_PAYMENT,Current,2024-07-31 14:09:19,2024-08-01 18:05:22,Econt,-182.00,0.00,BGN,COMPLETED,1832.94
CARD_PAYMENT,Current,2024-07-31 16:32:57,2024-08-01 18:05:28,Max Mark,-37.00,0.00,BGN,COMPLETED,1795.94
CARD_PAYMENT,Current,2024-07-31 16:32:03,2024-08-01 18:05:34,Max Mark,-35.08,0.00,BGN,COMPLETED,1760.86
CARD_PAYMENT,Current,2024-08-01 13:36:51,2024-08-02 04:34:27,Apple,-17.99,0.00,BGN,COMPLETED,1742.87
CARD_PAYMENT,Current,2024-08-01 17:12:59,2024-08-02 19:02:44,Max Mark,-42.76,0.00,BGN,COMPLETED,1700.11
CARD_PAYMENT,Current,2024-08-01 15:52:10,2024-08-02 19:02:44,Max Mark,-3.30,0.00,BGN,COMPLETED,1696.81
CARD_PAYMENT,Current,2024-08-03 08:44:48,2024-08-03 16:42:41,Buyap,-34.03,0.34,BGN,COMPLETED,1662.44
CARD_PAYMENT,Current,2024-08-02 16:57:18,2024-08-04 07:48:47,Max Mark,-80.46,0.00,BGN,COMPLETED,1581.98
CARD_PAYMENT,Current,2024-08-03 19:00:24,2024-08-05 15:22:04,Deyzi 6718 Ood,-15.45,0.00,BGN,COMPLETED,1566.53
CARD_PAYMENT,Current,2024-08-05 17:32:13,2024-08-06 17:30:13,Max Mark,-36.25,0.00,BGN,COMPLETED,1530.28
CARD_PAYMENT,Current,2024-08-06 16:49:05,2024-08-07 17:24:27,Max Mark,-17.76,0.00,BGN,COMPLETED,1512.52
CARD_PAYMENT,Current,2024-08-07 15:53:40,2024-08-08 17:33:57,Max Mark,-59.20,0.00,BGN,COMPLETED,1453.32
CARD_PAYMENT,Current,2024-08-07 17:32:28,2024-08-08 17:33:58,Max Mark,-38.22,0.00,BGN,COMPLETED,1415.10
TRANSFER,Current,2024-08-09 14:17:29,2024-08-09 14:17:29,Revolut Bank UAB,-180.00,0.00,BGN,COMPLETED,1235.10
CARD_PAYMENT,Current,2024-08-08 18:33:05,2024-08-09 20:29:23,Max Mark,-166.06,0.00,BGN,COMPLETED,1069.04
CARD_PAYMENT,Current,2024-08-08 16:41:59,2024-08-09 20:33:54,Juppi,-3.70,0.00,BGN,COMPLETED,1065.34
TRANSFER,Current,2024-08-10 15:36:06,2024-08-10 15:36:07,Revolut Bank UAB,-190.00,0.00,BGN,COMPLETED,875.34
CARD_PAYMENT,Current,2024-08-12 17:42:22,2024-08-13 18:46:49,Max Mark,-49.50,0.00,BGN,COMPLETED,825.84
CARD_PAYMENT,Current,2024-08-14 16:46:01,2024-08-15 18:52:54,Max Mark,-22.14,0.00,BGN,COMPLETED,803.70
CARD_PAYMENT,Current,2024-08-14 16:35:24,2024-08-15 18:52:54,Max Mark,-7.40,0.00,BGN,COMPLETED,796.30
TOPUP,Current,2024-08-16 08:34:58,2024-08-16 08:35:10,Top-Up by *8847,3000.00,0.00,BGN,COMPLETED,3796.30
CARD_PAYMENT,Current,2024-08-15 17:06:54,2024-08-16 17:29:32,Max Mark,-30.90,0.00,BGN,COMPLETED,3765.40
CARD_PAYMENT,Current,2024-08-16 10:07:22,2024-08-18 04:46:50,Vivacom,-22.91,0.00,BGN,COMPLETED,3742.49
CARD_PAYMENT,Current,2024-08-16 17:31:48,2024-08-18 04:46:57,Max Mark,-61.18,0.00,BGN,COMPLETED,3681.31
CARD_PAYMENT,Current,2024-08-16 17:15:03,2024-08-18 04:47:02,Max Mark,-37.00,0.00,BGN,COMPLETED,3644.31
CARD_PAYMENT,Current,2024-08-17 04:30:16,2024-08-18 05:00:39,Microsoft,-15.00,0.00,BGN,COMPLETED,3629.31
CARD_PAYMENT,Current,2024-08-19 16:56:50,2024-08-20 17:24:47,Max Mark,-32.01,0.00,BGN,COMPLETED,3597.30
CARD_PAYMENT,Current,2024-08-19 10:07:57,2024-08-20 17:31:14,global-e.nl,-196.00,0.00,BGN,COMPLETED,3401.30
CARD_PAYMENT,Current,2024-08-20 10:24:46,2024-08-20 17:37:54,YouTube,-16.99,0.00,BGN,COMPLETED,3384.31
CARD_PAYMENT,Current,2024-08-20 11:13:40,2024-08-21 04:30:41,Apple,-20.99,0.00,BGN,COMPLETED,3363.32
CARD_PAYMENT,Current,2024-08-20 13:13:06,2024-08-21 04:43:01,Spotify,-16.49,0.00,BGN,COMPLETED,3346.83
CARD_PAYMENT,Current,2024-08-20 17:02:35,2024-08-21 17:12:55,Max Mark,-40.67,0.00,BGN,COMPLETED,3306.16
CARD_PAYMENT,Current,2024-08-21 08:36:20,2024-08-21 17:21:33,OpenAI,-42.41,0.00,BGN,COMPLETED,3263.75
CARD_PAYMENT,Current,2024-08-21 15:38:29,2024-08-22 14:49:14,Apteka Salviya,-29.60,0.00,BGN,COMPLETED,3234.15
CARD_PAYMENT,Current,2024-08-21 16:39:06,2024-08-22 17:25:23,Max Mark,-37.78,0.00,BGN,COMPLETED,3196.37
CARD_PAYMENT,Current,2024-08-21 15:34:40,2024-08-22 17:25:25,Max Mark,-14.80,0.00,BGN,COMPLETED,3181.57
CARD_PAYMENT,Current,2024-08-22 16:50:56,2024-08-23 17:29:55,Max Mark,-135.65,0.00,BGN,COMPLETED,3045.92
CARD_PAYMENT,Current,2024-08-23 12:30:41,2024-08-23 17:37:23,Sky,-1.97,0.00,BGN,COMPLETED,3043.95
CARD_PAYMENT,Current,2024-08-23 12:30:42,2024-08-23 17:37:27,Sky,-3.91,0.00,BGN,COMPLETED,3040.04
CARD_PAYMENT,Current,2024-08-23 17:51:09,2024-08-24 18:19:02,Adobe,-23.56,0.00,BGN,COMPLETED,3016.48
CARD_PAYMENT,Current,2024-08-23 17:40:05,2024-08-24 18:20:36,LUKOIL,-115.59,0.00,BGN,COMPLETED,2900.89
CARD_PAYMENT,Current,2024-08-23 17:32:03,2024-08-25 04:40:38,Max Mark,-63.90,0.00,BGN,COMPLETED,2836.99
CARD_PAYMENT,Current,2024-08-23 17:12:30,2024-08-25 04:40:40,Max Mark,-37.00,0.00,BGN,COMPLETED,2799.99
CARD_PAYMENT,Current,2024-08-24 19:06:12,2024-08-25 04:55:19,Anthropic,-42.35,0.42,BGN,COMPLETED,2757.22
CARD_PAYMENT,Current,2024-08-25 13:32:52,2024-08-26 04:48:10,Microsoft,-15.00,0.00,BGN,COMPLETED,2742.22
CARD_PAYMENT,Current,2024-08-26 03:39:02,2024-08-26 15:01:11,Apple,-40.99,0.00,BGN,COMPLETED,2701.23
CARD_PAYMENT,Current,2024-08-26 17:20:08,2024-08-27 17:31:46,Max Mark,-45.32,0.00,BGN,COMPLETED,2655.91
CARD_PAYMENT,Current,2024-08-28 02:18:20,2024-08-28 14:14:28,Apple,-14.99,0.00,BGN,COMPLETED,2640.92
CARD_PAYMENT,Current,2024-08-27 14:49:08,2024-08-28 17:31:50,Max Mark,-37.00,0.00,BGN,COMPLETED,2603.92
CARD_PAYMENT,Current,2024-08-27 16:56:40,2024-08-28 17:31:50,Max Mark,-32.79,0.00,BGN,COMPLETED,2571.13
CARD_PAYMENT,Current,2024-08-28 17:10:52,2024-08-29 17:34:12,Max Mark,-36.33,0.00,BGN,COMPLETED,2534.80
CARD_PAYMENT,Current,2024-08-29 15:37:10,2024-08-30 15:51:15,Apteka Salviya,-13.50,0.00,BGN,COMPLETED,2521.30
CARD_PAYMENT,Current,2024-08-29 14:06:57,2024-08-30 15:51:18,Apteka Salviya,-33.95,0.00,BGN,COMPLETED,2487.35
CARD_PAYMENT,Current,2024-08-29 16:20:53,2024-08-30 18:21:29,Max Mark,-41.63,0.00,BGN,COMPLETED,2445.72
CARD_PAYMENT,Current,2024-08-30 17:03:59,2024-08-31 18:44:48,Max Mark,-128.11,0.00,BGN,COMPLETED,2317.61
CARD_PAYMENT,Current,2024-08-31 11:38:28,2024-08-31 19:00:22,Anthropic,-21.32,0.21,BGN,COMPLETED,2296.08
CARD_PAYMENT,Current,2024-08-30 14:48:21,2024-08-31 20:54:06,Apteka Salviya,-45.33,0.00,BGN,COMPLETED,2250.75
CARD_PAYMENT,Current,2024-08-31 15:41:20,2024-09-01 08:07:06,AI Dungeon,-17.75,0.18,BGN,COMPLETED,2232.82
CARD_PAYMENT,Current,2024-09-01 13:36:43,2024-09-02 04:36:28,Apple,-17.99,0.00,BGN,COMPLETED,2214.83
CARD_PAYMENT,Current,2024-09-01 14:05:37,2024-09-02 16:20:21,Rubia,-60.90,0.00,BGN,COMPLETED,2153.93
CARD_PAYMENT,Current,2024-09-01 14:15:58,2024-09-02 18:04:56,Max Mark,-21.10,0.00,BGN,COMPLETED,2132.83
CARD_PAYMENT,Current,2024-09-02 19:42:19,2024-09-03 17:47:48,Vivacom,-22.91,0.00,BGN,COMPLETED,2109.92
CARD_PAYMENT,Current,2024-09-02 16:58:18,2024-09-03 17:47:53,Max Mark,-37.00,0.00,BGN,COMPLETED,2072.92
CARD_PAYMENT,Current,2024-09-02 17:08:32,2024-09-03 17:47:56,Max Mark,-28.63,0.00,BGN,COMPLETED,2044.29
CARD_PAYMENT,Current,2024-09-03 17:37:37,2024-09-04 18:41:48,Max Mark,-27.94,0.00,BGN,COMPLETED,2016.35
CARD_PAYMENT,Current,2024-09-04 09:03:20,2024-09-05 04:55:05,Microsoft,-189.99,0.00,BGN,COMPLETED,1826.36
CARD_PAYMENT,Current,2024-09-04 16:58:42,2024-09-05 14:47:57,Apteka Salviya,-7.55,0.00,BGN,COMPLETED,1818.81
CARD_PAYMENT,Current,2024-09-04 17:09:18,2024-09-05 17:30:09,Max Mark,-33.87,0.00,BGN,COMPLETED,1784.94
CARD_PAYMENT,Current,2024-09-05 15:43:14,2024-09-06 19:26:40,Max Mark,-37.00,0.00,BGN,COMPLETED,1747.94
CARD_PAYMENT,Current,2024-09-05 16:42:21,2024-09-06 19:26:42,Max Mark,-51.54,0.00,BGN,COMPLETED,1696.40
CARD_PAYMENT,Current,2024-09-06 06:38:02,2024-09-06 19:36:43,AI Dungeon,-21.54,0.00,BGN,COMPLETED,1674.86
CARD_PAYMENT,Current,2024-09-06 06:36:06,2024-09-06 19:36:50,AI Dungeon,-7.18,0.00,BGN,COMPLETED,1667.68
CARD_PAYMENT,Current,2024-09-06 10:11:24,2024-09-06 19:36:52,AI Dungeon,-17.65,0.00,BGN,COMPLETED,1650.03
CARD_PAYMENT,Current,2024-09-06 16:14:04,2024-09-07 15:36:48,Apteka Salviya,-42.75,0.00,BGN,COMPLETED,1607.28
CARD_PAYMENT,Current,2024-09-06 16:37:30,2024-09-08 04:39:22,Max Mark,-35.49,0.00,BGN,COMPLETED,1571.79
CARD_PAYMENT,Current,2024-09-06 16:38:40,2024-09-08 04:39:27,Max Mark,-5.74,0.00,BGN,COMPLETED,1566.05
CARD_PAYMENT,Current,2024-09-07 11:50:14,2024-09-08 05:04:18,AI Dungeon,-17.69,0.18,BGN,COMPLETED,1548.18
CARD_PAYMENT,Current,2024-09-07 19:04:37,2024-09-09 07:46:35,Paypal *idfsrlcasad,-91.19,0.91,BGN,COMPLETED,1456.08
CARD_PAYMENT,Current,2024-09-09 17:35:56,2024-09-10 17:33:08,Max Mark,-20.83,0.00,BGN,COMPLETED,1435.25
CARD_PAYMENT,Current,2024-09-09 15:05:28,2024-09-10 17:34:50,Juppi,-2.81,0.00,BGN,COMPLETED,1432.44
CARD_PAYMENT,Current,2024-09-10 16:51:05,2024-09-11 17:30:21,Max Mark,-46.83,0.00,BGN,COMPLETED,1385.61
CARD_PAYMENT,Current,2024-09-11 16:46:55,2024-09-12 14:59:30,Apteka Salviya,-25.40,0.00,BGN,COMPLETED,1360.21
CARD_PAYMENT,Current,2024-09-11 18:20:29,2024-09-12 15:30:24,AI Dungeon,-35.66,0.00,BGN,COMPLETED,1324.55
CARD_PAYMENT,Current,2024-09-11 16:54:12,2024-09-12 17:22:37,Max Mark,-51.06,0.00,BGN,COMPLETED,1273.49
CARD_PAYMENT,Current,2024-09-12 14:07:27,2024-09-13 17:54:36,Max Mark,-37.00,0.00,BGN,COMPLETED,1236.49
CARD_PAYMENT,Current,2024-09-12 17:17:30,2024-09-13 17:54:38,Max Mark,-29.59,0.00,BGN,COMPLETED,1206.90
CARD_PAYMENT,Current,2024-09-13 13:17:38,2024-09-14 04:49:54,GymBeam,-153.75,0.00,BGN,COMPLETED,1053.15
CARD_PAYMENT,Current,2024-09-13 16:59:20,2024-09-14 18:29:18,Max Mark,-43.63,0.00,BGN,COMPLETED,1009.52
CARD_PAYMENT,Current,2024-09-15 15:12:51,2024-09-16 04:51:29,Openrouter,-10.00,0.10,BGN,COMPLETED,999.42
CARD_PAYMENT,Current,2024-09-15 20:55:59,2024-09-16 07:54:49,Kulina.bg,-232.00,0.00,BGN,COMPLETED,767.42
TOPUP,Current,2024-09-16 09:41:48,2024-09-16 09:41:58,Top-Up by *8847,3000.00,0.00,BGN,COMPLETED,3767.42
CARD_PAYMENT,Current,2024-09-15 20:35:23,2024-09-17 04:51:20,Amazon,-131.13,1.31,BGN,COMPLETED,3634.98
CARD_PAYMENT,Current,2024-09-16 17:25:54,2024-09-17 17:25:09,Max Mark,-61.22,0.00,BGN,COMPLETED,3573.76
CARD_PAYMENT,Current,2024-09-17 14:24:01,2024-09-18 04:45:09,Microsoft,-18.00,0.00,BGN,COMPLETED,3555.76
CARD_PAYMENT,Current,2024-09-17 17:21:25,2024-09-18 17:19:06,Max Mark,-44.25,0.00,BGN,COMPLETED,3511.51
CARD_PAYMENT,Current,2024-09-18 16:46:46,2024-09-20 04:36:30,Max Mark,-59.54,0.00,BGN,COMPLETED,3451.97
CARD_PAYMENT,Current,2024-09-19 18:30:35,2024-09-20 17:29:02,Max Mark,-43.87,0.00,BGN,COMPLETED,3408.10
CARD_PAYMENT,Current,2024-09-19 14:09:16,2024-09-20 17:29:11,Max Mark,-37.00,0.00,BGN,COMPLETED,3371.10
CARD_PAYMENT,Current,2024-09-20 10:24:46,2024-09-20 17:42:42,YouTube,-16.99,0.00,BGN,COMPLETED,3354.11
CARD_PAYMENT,Current,2024-09-20 11:16:01,2024-09-21 04:36:55,Apple,-20.99,0.00,BGN,COMPLETED,3333.12
CARD_PAYMENT,Current,2024-09-20 13:13:06,2024-09-21 04:48:23,Spotify,-16.49,0.00,BGN,COMPLETED,3316.63
CARD_PAYMENT,Current,2024-09-20 17:38:47,2024-09-21 18:43:27,LUKOIL,-110.09,0.00,BGN,COMPLETED,3206.54
CARD_PAYMENT,Current,2024-09-21 08:37:22,2024-09-21 18:55:25,OpenAI,-42.22,0.42,BGN,COMPLETED,3163.90
CARD_PAYMENT,Current,2024-09-20 17:25:30,2024-09-22 04:31:57,Max Mark,-62.93,0.00,BGN,COMPLETED,3100.97
CARD_PAYMENT,Current,2024-09-21 14:59:04,2024-09-23 14:04:32,Food store,-17.38,0.00,BGN,COMPLETED,3083.59
CARD_PAYMENT,Current,2024-09-23 12:30:36,2024-09-23 18:37:04,Sky,-3.91,0.00,BGN,COMPLETED,3079.68
CARD_PAYMENT,Current,2024-09-23 12:30:35,2024-09-23 18:37:13,Sky,-1.97,0.00,BGN,COMPLETED,3077.71
CARD_PAYMENT,Current,2024-09-23 17:27:53,2024-09-24 17:28:21,Max Mark,-37.00,0.00,BGN,COMPLETED,3040.71
CARD_PAYMENT,Current,2024-09-23 17:27:01,2024-09-24 17:28:22,Max Mark,-30.51,0.00,BGN,COMPLETED,3010.20
CARD_PAYMENT,Current,2024-09-23 20:34:28,2024-09-25 04:42:05,Adobe,-23.54,0.00,BGN,COMPLETED,2986.66
CARD_PAYMENT,Current,2024-09-24 19:03:50,2024-09-25 05:00:00,Anthropic,-42.41,0.00,BGN,COMPLETED,2944.25
CARD_PAYMENT,Current,2024-09-25 04:26:08,2024-09-25 14:51:36,Xbox,-18.00,0.00,BGN,COMPLETED,2926.25
CARD_PAYMENT,Current,2024-09-24 18:02:05,2024-09-25 17:25:01,Max Mark,-36.22,0.00,BGN,COMPLETED,2890.03
CARD_PAYMENT,Current,2024-09-24 16:27:44,2024-09-25 17:25:12,Yuppi Ood,-0.10,0.00,BGN,COMPLETED,2889.93
CARD_PAYMENT,Current,2024-09-25 18:00:27,2024-09-26 17:31:11,Max Mark,-29.74,0.00,BGN,COMPLETED,2860.19
CARD_PAYMENT,Current,2024-09-25 13:28:33,2024-09-26 17:31:22,Yuppi Ood,-0.10,0.00,BGN,COMPLETED,2860.09
CARD_PAYMENT,Current,2024-09-25 11:39:58,2024-09-26 17:31:25,Yuppi Ood,-8.59,0.00,BGN,COMPLETED,2851.50
CARD_PAYMENT,Current,2024-09-25 11:48:01,2024-09-26 17:31:25,Yuppi Ood,-1.99,0.00,BGN,COMPLETED,2849.51
CARD_PAYMENT,Current,2024-09-25 15:38:27,2024-09-26 17:31:28,Yuppi Ood,-2.69,0.00,BGN,COMPLETED,2846.82
CARD_PAYMENT,Current,2024-09-26 11:56:27,2024-09-27 17:37:14,Yuppi Ood,-3.49,0.00,BGN,COMPLETED,2843.33
CARD_PAYMENT,Current,2024-09-26 14:23:05,2024-09-27 17:37:15,Yuppi Ood,-3.00,0.00,BGN,COMPLETED,2840.33
CARD_PAYMENT,Current,2024-09-26 16:24:20,2024-09-27 17:37:21,Yuppi Ood,-10.98,0.00,BGN,COMPLETED,2829.35
CARD_PAYMENT,Current,2024-09-26 17:13:20,2024-09-27 17:37:22,Yuppi Ood,-92.69,0.00,BGN,COMPLETED,2736.66
CARD_PAYMENT,Current,2024-09-28 02:18:14,2024-09-28 16:08:39,Apple,-14.99,0.00,BGN,COMPLETED,2721.67
CARD_PAYMENT,Current,2024-09-27 13:51:30,2024-09-29 04:39:36,Yuppi Ood,-3.49,0.00,BGN,COMPLETED,2718.18
CARD_PAYMENT,Current,2024-09-27 14:51:22,2024-09-29 04:39:38,Yuppi Ood,-6.98,0.00,BGN,COMPLETED,2711.20
CARD_PAYMENT,Current,2024-09-27 17:54:35,2024-09-29 04:39:38,Yuppi Ood,-37.00,0.00,BGN,COMPLETED,2674.20
CARD_PAYMENT,Current,2024-09-27 18:13:54,2024-09-29 04:39:41,Max Mark,-62.52,0.00,BGN,COMPLETED,2611.68
CARD_PAYMENT,Current,2024-09-29 16:43:24,2024-09-30 18:31:06,Max Mark,-33.21,0.00,BGN,COMPLETED,2578.47
CARD_PAYMENT,Current,2024-09-28 18:18:00,2024-09-30 18:31:23,Yuppi Ood,-11.16,0.00,BGN,COMPLETED,2567.31
CARD_PAYMENT,Current,2024-09-28 10:20:47,2024-09-30 18:31:26,Yuppi Ood,-3.00,0.00,BGN,COMPLETED,2564.31
CARD_PAYMENT,Current,2024-09-29 11:50:29,2024-09-30 18:31:26,Yuppi Ood,-9.19,0.00,BGN,COMPLETED,2555.12
CARD_PAYMENT,Current,2024-09-28 18:11:04,2024-09-30 18:31:27,Yuppi Ood,-13.20,0.00,BGN,COMPLETED,2541.92
CARD_PAYMENT,Current,2024-09-28 15:31:02,2024-09-30 18:31:30,Yuppi Ood,-2.40,0.00,BGN,COMPLETED,2539.52
CARD_PAYMENT,Current,2024-09-29 15:12:06,2024-09-30 18:31:30,Yuppi Ood,-3.00,0.00,BGN,COMPLETED,2536.52
CARD_PAYMENT,Current,2024-09-28 10:00:13,2024-09-30 18:31:32,Yuppi Ood,-2.00,0.00,BGN,COMPLETED,2534.52
CARD_PAYMENT,Current,2024-09-28 13:12:24,2024-09-30 18:31:32,Yuppi Ood,-3.49,0.00,BGN,COMPLETED,2531.03
CARD_PAYMENT,Current,2024-09-29 16:31:29,2024-09-30 18:31:35,Yuppi Ood,-5.04,0.00,BGN,COMPLETED,2525.99
CARD_PAYMENT,Current,2024-09-30 16:42:39,2024-10-01 08:12:29,AI Dungeon,-52.69,0.00,BGN,COMPLETED,2473.30
CARD_PAYMENT,Current,2024-09-30 17:51:36,2024-10-01 18:28:13,Max Mark,-5.74,0.00,BGN,COMPLETED,2467.56
CARD_PAYMENT,Current,2024-09-30 10:34:06,2024-10-01 18:28:20,Yuppi Ood,-1.98,0.00,BGN,COMPLETED,2465.58
CARD_PAYMENT,Current,2024-09-30 17:39:01,2024-10-01 18:28:30,Yuppi Ood,-10.35,0.00,BGN,COMPLETED,2455.23
CARD_PAYMENT,Current,2024-10-01 13:37:19,2024-10-02 08:19:07,Apple,-17.99,0.00,BGN,COMPLETED,2437.24
CARD_PAYMENT,Current,2024-10-01 17:00:54,2024-10-02 18:29:33,Yuppi Ood,-12.15,0.00,BGN,COMPLETED,2425.09
CARD_PAYMENT,Current,2024-10-02 17:25:24,2024-10-03 17:34:38,Max Mark,-37.00,0.00,BGN,COMPLETED,2388.09
CARD_PAYMENT,Current,2024-10-02 17:31:09,2024-10-03 17:34:43,Max Mark,-29.23,0.00,BGN,COMPLETED,2358.86
CARD_PAYMENT,Current,2024-10-02 12:37:14,2024-10-03 17:34:46,Yuppi Ood,-3.89,0.00,BGN,COMPLETED,2354.97
CARD_PAYMENT,Current,2024-10-02 17:12:21,2024-10-03 17:34:52,Yuppi Ood,-15.12,0.00,BGN,COMPLETED,2339.85
CARD_PAYMENT,Current,2024-10-02 16:11:54,2024-10-03 17:34:55,Yuppi Ood,-6.98,0.00,BGN,COMPLETED,2332.87
CARD_PAYMENT,Current,2024-10-03 13:52:26,2024-10-04 18:25:27,Yuppi Ood,-3.89,0.00,BGN,COMPLETED,2328.98
CARD_PAYMENT,Current,2024-10-03 16:35:31,2024-10-04 18:25:38,Yuppi Ood,-10.35,0.00,BGN,COMPLETED,2318.63
CARD_PAYMENT,Current,2024-10-04 09:38:11,2024-10-06 05:32:14,Vivacom,-22.91,0.00,BGN,COMPLETED,2295.72
CARD_PAYMENT,Current,2024-10-04 12:10:16,2024-10-06 05:32:39,Yuppi Ood,-3.49,0.00,BGN,COMPLETED,2292.23
CARD_PAYMENT,Current,2024-10-06 18:30:55,2024-10-07 15:48:22,Food store,-15.29,0.00,BGN,COMPLETED,2276.94
CARD_PAYMENT,Current,2024-10-05 14:54:40,2024-10-07 18:19:20,Max Mark,-38.59,0.00,BGN,COMPLETED,2238.35
CARD_PAYMENT,Current,2024-10-06 16:02:00,2024-10-07 18:19:24,Max Mark,-40.30,0.00,BGN,COMPLETED,2198.05
CARD_PAYMENT,Current,2024-10-05 14:55:44,2024-10-07 18:19:26,Max Mark,-37.00,0.00,BGN,COMPLETED,2161.05
CARD_PAYMENT,Current,2024-10-05 14:37:53,2024-10-07 18:19:27,Yuppi Ood,-11.34,0.00,BGN,COMPLETED,2149.71
CARD_PAYMENT,Current,2024-10-05 12:59:42,2024-10-07 18:19:29,Yuppi Ood,-3.80,0.00,BGN,COMPLETED,2145.91
CARD_PAYMENT,Current,2024-10-06 15:29:20,2024-10-07 18:19:32,Yuppi Ood,-2.00,0.00,BGN,COMPLETED,2143.91
CARD_PAYMENT,Current,2024-10-07 16:23:11,2024-10-08 15:34:37,Rubia,-25.30,0.00,BGN,COMPLETED,2118.61
CARD_PAYMENT,Current,2024-10-07 17:22:34,2024-10-08 17:38:22,Max Mark,-38.88,0.00,BGN,COMPLETED,2079.73
CARD_PAYMENT,Current,2024-10-08 17:13:22,2024-10-09 17:22:54,Max Mark,-57.33,0.00,BGN,COMPLETED,2022.40
CARD_PAYMENT,Current,2024-10-08 15:09:13,2024-10-09 17:22:56,Max Mark,-1.65,0.00,BGN,COMPLETED,2020.75
CARD_PAYMENT,Current,2024-10-09 13:52:18,2024-10-10 14:11:30,Rubia,-42.20,0.00,BGN,COMPLETED,1978.55
CARD_PAYMENT,Current,2024-10-09 18:06:33,2024-10-10 17:28:47,Max Mark,-16.79,0.00,BGN,COMPLETED,1961.76
CARD_PAYMENT,Current,2024-10-09 15:23:50,2024-10-10 17:30:20,Juppi,-3.70,0.00,BGN,COMPLETED,1958.06
CARD_PAYMENT,Current,2024-10-09 16:12:24,2024-10-10 17:30:27,Juppi,-1.50,0.00,BGN,COMPLETED,1956.56
CARD_PAYMENT,Current,2024-10-11 09:30:51,2024-10-11 15:05:28,GymBeam,-103.80,0.00,BGN,COMPLETED,1852.76
CARD_PAYMENT,Current,2024-10-10 17:22:51,2024-10-11 17:31:43,Yuppi Ood,-9.49,0.00,BGN,COMPLETED,1843.27
CARD_PAYMENT,Current,2024-10-10 14:11:22,2024-10-11 17:31:44,Yuppi Ood,-5.80,0.00,BGN,COMPLETED,1837.47
CARD_PAYMENT,Current,2024-10-10 17:03:48,2024-10-11 17:31:49,Max Mark,-3.68,0.00,BGN,COMPLETED,1833.79
CARD_PAYMENT,Current,2024-10-11 14:33:41,2024-10-12 17:43:02,Max Mark,-37.00,0.00,BGN,COMPLETED,1796.79
CARD_PAYMENT,Current,2024-10-11 17:15:18,2024-10-12 17:43:07,Yuppi Ood,-6.29,0.00,BGN,COMPLETED,1790.50
CARD_PAYMENT,Current,2024-10-11 14:55:04,2024-10-12 17:43:09,Yuppi Ood,-3.40,0.00,BGN,COMPLETED,1787.10
CARD_PAYMENT,Current,2024-10-11 14:42:56,2024-10-12 17:44:14,Speedy,-31.00,0.00,BGN,COMPLETED,1756.10
CARD_PAYMENT,Current,2024-10-13 19:43:33,2024-10-14 05:58:17,Notino,-199.75,0.00,BGN,COMPLETED,1556.35
TOPUP,Current,2024-10-14 08:57:44,2024-10-14 08:57:55,Top-Up by *8847,3000.00,0.00,BGN,COMPLETED,4556.35
CARD_PAYMENT,Current,2024-10-13 16:12:48,2024-10-14 17:55:26,Max Mark,-55.06,0.00,BGN,COMPLETED,4501.29
CARD_PAYMENT,Current,2024-10-12 14:09:22,2024-10-14 17:55:26,Max Mark,-36.86,0.00,BGN,COMPLETED,4464.43
CARD_PAYMENT,Current,2024-10-13 15:53:07,2024-10-14 17:56:08,Yuppi Ood,-81.81,0.00,BGN,COMPLETED,4382.62
CARD_PAYMENT,Current,2024-10-14 14:03:36,2024-10-15 18:30:24,Yuppi Ood,-3.60,0.00,BGN,COMPLETED,4379.02
CARD_PAYMENT,Current,2024-10-14 16:59:39,2024-10-15 18:30:26,Max Mark,-23.19,0.00,BGN,COMPLETED,4355.83
CARD_PAYMENT,Current,2024-10-15 16:49:30,2024-10-16 17:19:42,Max Mark,-33.23,0.00,BGN,COMPLETED,4322.60
CARD_PAYMENT,Current,2024-10-15 16:42:35,2024-10-16 17:19:45,Max Mark,-37.00,0.00,BGN,COMPLETED,4285.60
CARD_PAYMENT,Current,2024-10-15 13:11:27,2024-10-16 17:19:56,Yuppi Ood,-3.00,0.00,BGN,COMPLETED,4282.60
CARD_PAYMENT,Current,2024-10-15 17:27:02,2024-10-16 17:19:57,Yuppi Ood,-7.83,0.00,BGN,COMPLETED,4274.77
CARD_PAYMENT,Current,2024-10-14 17:07:47,2024-10-16 17:20:50,LUKOIL,-114.72,0.00,BGN,COMPLETED,4160.05
CARD_PAYMENT,Current,2024-10-16 15:12:52,2024-10-17 13:56:48,Rubia,-95.80,0.00,BGN,COMPLETED,4064.25
CARD_PAYMENT,Current,2024-10-16 16:56:27,2024-10-17 17:21:48,Max Mark,-13.89,0.00,BGN,COMPLETED,4050.36
CARD_PAYMENT,Current,2024-10-16 16:13:05,2024-10-17 17:22:03,Yuppi Ood,-5.76,0.00,BGN,COMPLETED,4044.60
CARD_PAYMENT,Current,2024-10-17 08:20:04,2024-10-18 07:57:24,Microsoft,-18.00,0.00,BGN,COMPLETED,4026.60
CARD_PAYMENT,Current,2024-10-18 16:17:38,2024-10-19 17:34:42,Yuppi Ood,-14.44,0.00,BGN,COMPLETED,4012.16
CARD_PAYMENT,Current,2024-10-18 16:42:05,2024-10-19 17:34:44,Max Mark,-52.09,0.00,BGN,COMPLETED,3960.07
CARD_PAYMENT,Current,2024-10-18 15:05:39,2024-10-19 17:34:44,Yuppi Ood,-37.00,0.00,BGN,COMPLETED,3923.07
CARD_PAYMENT,Current,2024-10-20 10:24:46,2024-10-20 17:44:23,YouTube,-16.99,0.00,BGN,COMPLETED,3906.08
CARD_PAYMENT,Current,2024-10-20 11:13:42,2024-10-21 05:46:38,Apple,-20.99,0.00,BGN,COMPLETED,3885.09
CARD_PAYMENT,Current,2024-10-20 13:13:07,2024-10-21 05:56:59,Spotify,-16.49,0.00,BGN,COMPLETED,3868.60
CARD_PAYMENT,Current,2024-10-20 14:51:47,2024-10-21 14:04:17,Veles Food,-13.59,0.00,BGN,COMPLETED,3855.01
CARD_PAYMENT,Current,2024-10-19 14:45:41,2024-10-21 18:32:36,Max Mark,-36.76,0.00,BGN,COMPLETED,3818.25
CARD_PAYMENT,Current,2024-10-19 14:57:42,2024-10-21 18:32:50,Yuppi Ood,-17.10,0.00,BGN,COMPLETED,3801.15
CARD_PAYMENT,Current,2024-10-21 08:37:18,2024-10-21 18:47:21,OpenAI,-43.39,0.00,BGN,COMPLETED,3757.76
CARD_PAYMENT,Current,2024-10-21 14:44:28,2024-10-22 14:03:59,Rubia,-42.20,0.00,BGN,COMPLETED,3715.56
CARD_PAYMENT,Current,2024-10-21 14:54:30,2024-10-22 18:25:31,Econt,-169.00,0.00,BGN,COMPLETED,3546.56
CARD_PAYMENT,Current,2024-10-21 16:55:37,2024-10-22 18:25:36,Max Mark,-50.93,0.00,BGN,COMPLETED,3495.63
CARD_PAYMENT,Current,2024-10-21 15:37:00,2024-10-22 18:25:53,Yuppi Ood,-12.69,0.00,BGN,COMPLETED,3482.94
CARD_PAYMENT,Current,2024-10-22 16:41:35,2024-10-23 17:25:08,Max Mark,-33.57,0.00,BGN,COMPLETED,3449.37
CARD_PAYMENT,Current,2024-10-23 12:30:30,2024-10-23 17:31:18,Sky,-5.87,0.00,BGN,COMPLETED,3443.50
CARD_PAYMENT,Current,2024-10-23 20:13:26,2024-10-24 17:21:02,Adobe,-23.54,0.00,BGN,COMPLETED,3419.96
CARD_PAYMENT,Current,2024-10-23 16:51:36,2024-10-24 17:21:46,Yuppi Ood,-10.03,0.00,BGN,COMPLETED,3409.93
CARD_PAYMENT,Current,2024-10-23 15:07:37,2024-10-24 17:21:53,Yuppi Ood,-3.40,0.00,BGN,COMPLETED,3406.53
CARD_PAYMENT,Current,2024-10-23 17:58:48,2024-10-24 17:23:00,Hranitelen Magazin,-9.60,0.00,BGN,COMPLETED,3396.93
CARD_PAYMENT,Current,2024-10-24 18:40:36,2024-10-25 04:55:11,serif.com,-64.79,0.00,BGN,COMPLETED,3332.14
CARD_PAYMENT,Current,2024-10-24 19:03:57,2024-10-25 04:59:20,Anthropic,-42.41,0.00,BGN,COMPLETED,3289.73
CARD_PAYMENT,Current,2024-10-24 16:20:38,2024-10-25 17:38:01,Max Mark Ood,-7.91,0.00,BGN,COMPLETED,3281.82
CARD_PAYMENT,Current,2024-10-24 15:17:21,2024-10-25 17:38:18,Max Mark,-37.00,0.00,BGN,COMPLETED,3244.82
CARD_PAYMENT,Current,2024-10-24 16:30:10,2024-10-25 17:38:18,Max Mark,-51.82,0.00,BGN,COMPLETED,3193.00
CARD_PAYMENT,Current,2024-10-25 07:51:59,2024-10-26 08:16:32,Microsoft,-18.00,0.00,BGN,COMPLETED,3175.00
CARD_PAYMENT,Current,2024-10-25 16:50:17,2024-10-26 17:17:51,Max Mark,-35.32,0.00,BGN,COMPLETED,3139.68
CARD_PAYMENT,Current,2024-10-25 16:15:16,2024-10-26 17:17:54,Yuppi Ood,-18.13,0.00,BGN,COMPLETED,3121.55
CARD_PAYMENT,Current,2024-10-25 10:05:01,2024-10-28 03:31:36,Secretlabnl,-1242.62,0.00,BGN,COMPLETED,1878.93
TRANSFER,Current,2024-10-28 08:38:42,2024-10-28 08:38:42,Revolut Bank UAB,-75.00,0.00,BGN,COMPLETED,1803.93
CARD_PAYMENT,Current,2024-10-28 01:18:26,2024-10-28 13:39:01,Apple,-14.99,0.00,BGN,COMPLETED,1788.94
CARD_PAYMENT,Current,2024-10-25 16:53:38,2024-10-28 14:16:17,Apteka Salviya,-16.55,0.00,BGN,COMPLETED,1772.39
CARD_PAYMENT,Current,2024-10-26 15:38:06,2024-10-28 17:38:36,Max Mark,-53.73,0.00,BGN,COMPLETED,1718.66
CARD_PAYMENT,Current,2024-10-26 15:08:25,2024-10-28 17:38:45,Yuppi Ood,-15.75,0.00,BGN,COMPLETED,1702.91
CARD_PAYMENT,Current,2024-10-26 14:46:35,2024-10-29 03:32:47,Nanoleafeur,-597.94,6.19,BGN,COMPLETED,1098.78
CARD_PAYMENT,Current,2024-10-28 17:10:23,2024-10-29 16:33:01,Max Mark,-36.19,0.00,BGN,COMPLETED,1062.59
CARD_PAYMENT,Current,2024-10-28 15:46:19,2024-10-29 16:33:10,Max Mark,-37.00,0.00,BGN,COMPLETED,1025.59
CARD_PAYMENT,Current,2024-10-28 16:45:08,2024-10-29 16:33:14,Yuppi Ood,-12.01,0.00,BGN,COMPLETED,1013.58
CARD_PAYMENT,Current,2024-10-29 16:50:11,2024-10-30 16:36:57,Max Mark,-33.49,0.00,BGN,COMPLETED,980.09
CARD_PAYMENT,Current,2024-10-29 15:51:17,2024-10-30 16:37:06,Yuppi Ood,-4.80,0.00,BGN,COMPLETED,975.29
CARD_PAYMENT,Current,2024-10-30 13:49:43,2024-10-31 14:09:34,Apteka Salviya,-45.20,0.00,BGN,COMPLETED,930.09
CARD_PAYMENT,Current,2024-10-30 17:02:24,2024-10-31 16:26:18,Max Mark,-27.16,0.00,BGN,COMPLETED,902.93
CARD_PAYMENT,Current,2024-10-31 11:21:10,2024-11-01 07:06:06,UNIQLO,-156.86,1.57,BGN,COMPLETED,744.50
CARD_PAYMENT,Current,2024-10-31 15:43:03,2024-11-01 16:52:57,AI Dungeon,-54.11,0.54,BGN,COMPLETED,689.85
CARD_PAYMENT,Current,2024-10-31 16:55:41,2024-11-01 17:05:13,Max Mark,-20.90,0.00,BGN,COMPLETED,668.95
CARD_PAYMENT,Current,2024-11-01 12:36:39,2024-11-02 03:33:44,Apple,-17.99,0.00,BGN,COMPLETED,650.96
CARD_PAYMENT,Current,2024-11-01 17:04:27,2024-11-02 17:43:17,Max Mark,-46.42,0.00,BGN,COMPLETED,604.54
CARD_PAYMENT,Current,2024-11-01 17:13:26,2024-11-02 17:43:59,LUKOIL,-77.52,0.00,BGN,COMPLETED,527.02
CARD_PAYMENT,Current,2024-11-01 16:52:37,2024-11-04 04:37:37,Juppi,-10.02,0.00,BGN,COMPLETED,517.00
TOPUP,Current,2024-11-04 09:51:37,2024-11-04 09:51:47,Top-Up by *8847,3000.00,0.00,BGN,COMPLETED,3517.00
CARD_PAYMENT,Current,2024-11-03 12:33:05,2024-11-04 18:53:04,Apple,-19.99,0.00,BGN,COMPLETED,3497.01
CARD_PAYMENT,Current,2024-11-04 15:03:51,2024-11-05 17:32:21,Max Mark,-37.00,0.00,BGN,COMPLETED,3460.01
CARD_PAYMENT,Current,2024-11-04 16:22:58,2024-11-05 17:32:25,Max Mark,-35.71,0.00,BGN,COMPLETED,3424.30
CARD_PAYMENT,Current,2024-11-04 16:06:02,2024-11-05 17:32:34,Yuppi Ood,-20.61,0.00,BGN,COMPLETED,3403.69
CARD_PAYMENT,Current,2024-11-05 16:06:55,2024-11-06 18:19:13,Max Mark,-22.36,0.00,BGN,COMPLETED,3381.33
CARD_PAYMENT,Current,2024-11-05 16:51:33,2024-11-06 18:19:17,Yuppi Ood,-12.06,0.00,BGN,COMPLETED,3369.27
CARD_PAYMENT,Current,2024-11-06 16:35:23,2024-11-07 18:33:38,Max Mark,-44.60,0.00,BGN,COMPLETED,3324.67
CARD_PAYMENT,Current,2024-11-07 16:39:15,2024-11-08 18:28:47,Max Mark,-43.93,0.00,BGN,COMPLETED,3280.74
CARD_PAYMENT,Current,2024-11-08 15:35:04,2024-11-10 05:45:10,Max Mark,-37.00,0.00,BGN,COMPLETED,3243.74
CARD_PAYMENT,Current,2024-11-09 23:23:13,2024-11-10 08:16:41,Party Group,-431.76,0.00,BGN,COMPLETED,2811.98
CARD_PAYMENT,Current,2024-11-08 16:23:19,2024-11-11 05:49:02,Juppi,-1.40,0.00,BGN,COMPLETED,2810.58
CARD_PAYMENT,Current,2024-11-08 15:40:04,2024-11-11 05:49:03,Juppi,-17.62,0.00,BGN,COMPLETED,2792.96
CARD_PAYMENT,Current,2024-11-08 17:31:56,2024-11-11 05:49:07,Juppi,-1.50,0.00,BGN,COMPLETED,2791.46
CARD_PAYMENT,Current,2024-11-11 17:07:35,2024-11-12 17:44:22,Max Mark,-61.75,0.00,BGN,COMPLETED,2729.71
CARD_PAYMENT,Current,2024-11-12 16:46:11,2024-11-13 17:40:22,Max Mark,-30.58,0.00,BGN,COMPLETED,2699.13
CARD_PAYMENT,Current,2024-11-13 16:56:11,2024-11-14 18:33:22,Max Mark,-44.87,0.00,BGN,COMPLETED,2654.26
CARD_PAYMENT,Current,2024-11-14 16:33:55,2024-11-15 18:24:59,Max Mark,-41.59,0.00,BGN,COMPLETED,2612.67
CARD_PAYMENT,Current,2024-11-15 16:35:23,2024-11-17 05:32:38,Max Mark,-69.40,0.00,BGN,COMPLETED,2543.27
CARD_PAYMENT,Current,2024-11-15 16:26:25,2024-11-17 05:32:42,Max Mark,-37.00,0.00,BGN,COMPLETED,2506.27
CARD_PAYMENT,Current,2024-11-17 10:27:48,2024-11-18 07:40:50,Secretlabnl,-1066.72,10.67,BGN,COMPLETED,1428.88
CARD_PAYMENT,Current,2024-11-17 07:58:50,2024-11-18 08:07:03,Microsoft,-18.00,0.00,BGN,COMPLETED,1410.88
CARD_PAYMENT,Current,2024-11-16 13:49:22,2024-11-18 17:38:01,Max Mark,-90.75,0.00,BGN,COMPLETED,1320.13
CARD_PAYMENT,Current,2024-11-18 11:07:53,2024-11-19 18:30:55,Vivacom,-38.89,0.00,BGN,COMPLETED,1281.24
CARD_PAYMENT,Current,2024-11-18 16:44:58,2024-11-19 18:31:06,Yuppi Ood,-10.26,0.00,BGN,COMPLETED,1270.98
CARD_PAYMENT,Current,2024-11-18 16:15:40,2024-11-19 18:31:28,Yuppi Ood,-39.98,0.00,BGN,COMPLETED,1231.00
CARD_PAYMENT,Current,2024-11-18 17:00:43,2024-11-19 18:32:34,Hranitelen Magazin,-2.56,0.00,BGN,COMPLETED,1228.44
CARD_PAYMENT,Current,2024-11-19 10:50:54,2024-11-20 05:39:15,dbrand,-57.86,0.00,BGN,COMPLETED,1170.58
CARD_PAYMENT,Current,2024-11-19 16:56:18,2024-11-20 17:36:24,Max Mark,-46.28,0.00,BGN,COMPLETED,1124.30
CARD_PAYMENT,Current,2024-11-20 12:13:06,2024-11-20 17:42:57,Spotify,-16.49,0.00,BGN,COMPLETED,1107.81
CARD_PAYMENT,Current,2024-11-20 10:24:45,2024-11-20 17:50:25,YouTube,-16.99,0.00,BGN,COMPLETED,1090.82
TOPUP,Current,2024-11-20 18:40:27,2024-11-20 18:40:45,Top-Up by *8847,3000.00,0.00,BGN,COMPLETED,4090.82
CARD_PAYMENT,Current,2024-11-20 11:13:35,2024-11-21 05:32:46,Apple,-20.99,0.00,BGN,COMPLETED,4069.83
CARD_PAYMENT,Current,2024-11-20 18:36:16,2024-11-21 07:36:17,Riedel Glas 82,-463.29,0.00,BGN,COMPLETED,3606.54
CARD_PAYMENT,Current,2024-11-20 18:39:19,2024-11-21 07:52:02,Kulina.bg,-153.90,0.00,BGN,COMPLETED,3452.64
CARD_PAYMENT,Current,2024-11-20 18:14:17,2024-11-21 07:54:40,eMAG,-29.90,0.00,BGN,COMPLETED,3422.74
CARD_PAYMENT,Current,2024-11-20 16:43:30,2024-11-21 18:22:58,Max Mark,-55.78,0.00,BGN,COMPLETED,3366.96
CARD_PAYMENT,Current,2024-11-20 16:29:08,2024-11-21 18:22:59,Max Mark,-37.00,0.00,BGN,COMPLETED,3329.96
CARD_PAYMENT,Current,2024-11-20 16:51:43,2024-11-21 18:23:57,LUKOIL,-113.68,0.00,BGN,COMPLETED,3216.28
CARD_PAYMENT,Current,2024-11-21 07:36:59,2024-11-21 18:40:35,OpenAI,-44.68,0.00,BGN,COMPLETED,3171.60
CARD_PAYMENT,Current,2024-11-21 08:46:09,2024-11-21 18:41:13,Topaz Labs,-156.37,0.00,BGN,COMPLETED,3015.23
CARD_PAYMENT,Current,2024-11-21 16:34:11,2024-11-22 18:25:26,Max Mark,-18.99,0.00,BGN,COMPLETED,2996.24
CARD_PAYMENT,Current,2024-11-22 16:56:19,2024-11-23 18:38:14,Max Mark,-88.41,0.00,BGN,COMPLETED,2907.83
CARD_PAYMENT,Current,2024-11-23 11:30:39,2024-11-23 18:41:52,Sky,-5.87,0.12,BGN,COMPLETED,2901.84
CARD_PAYMENT,Current,2024-11-21 09:13:41,2024-11-24 12:14:34,Amazon,-610.67,4.00,BGN,COMPLETED,2287.17
CARD_PAYMENT,Current,2024-11-23 20:19:12,2024-11-24 17:28:26,Adobe,-23.52,0.48,BGN,COMPLETED,2263.17
CARD_PAYMENT,Current,2024-11-23 14:42:52,2024-11-25 05:32:34,Dxo,-127.45,2.54,BGN,COMPLETED,2133.18
CARD_PAYMENT,Current,2024-11-24 18:03:12,2024-11-25 05:56:30,Anthropic,-42.36,0.84,BGN,COMPLETED,2089.98
CARD_PAYMENT,Current,2024-11-25 12:37:12,2024-11-26 08:10:15,Microsoft,-18.00,0.00,BGN,COMPLETED,2071.98
CARD_PAYMENT,Current,2024-11-25 16:31:33,2024-11-26 17:12:02,Max Mark,-43.62,0.00,BGN,COMPLETED,2028.36
CARD_PAYMENT,Current,2024-11-25 16:21:16,2024-11-27 15:16:07,Yuppi Ood,-14.80,0.00,BGN,COMPLETED,2013.56
CARD_PAYMENT,Current,2024-11-26 13:25:11,2024-11-27 17:07:38,Speedy,-78.00,0.00,BGN,COMPLETED,1935.56
CARD_PAYMENT,Current,2024-11-28 02:19:21,2024-11-28 14:37:50,Apple,-14.99,0.00,BGN,COMPLETED,1920.57
CARD_PAYMENT,Current,2024-11-26 15:55:45,2024-11-28 17:07:12,Yuppi Ood,-29.60,0.00,BGN,COMPLETED,1890.97
CARD_PAYMENT,Current,2024-11-26 16:38:26,2024-11-28 17:07:13,Yuppi Ood,-39.88,0.00,BGN,COMPLETED,1851.09
CARD_PAYMENT,Current,2024-11-27 16:49:32,2024-11-28 18:27:32,Yuppi Ood,-10.75,0.00,BGN,COMPLETED,1840.34
CARD_PAYMENT,Current,2024-11-28 16:19:11,2024-11-29 16:10:45,Max Mark,-24.72,0.00,BGN,COMPLETED,1815.62
CARD_PAYMENT,Current,2024-11-25 20:29:48,2024-11-29 16:15:33,Amazon,-685.32,6.85,BGN,COMPLETED,1123.45
CARD_PAYMENT,Current,2024-11-29 16:06:01,2024-11-30 18:21:57,Max Mark,-50.61,0.00,BGN,COMPLETED,1072.84
CARD_PAYMENT,Current,2024-11-29 15:57:54,2024-11-30 18:22:03,Max Mark,-37.00,0.00,BGN,COMPLETED,1035.84
CARD_PAYMENT,Current,2024-11-29 13:51:41,2024-11-30 18:22:11,Yuppi Ood,-7.11,0.00,BGN,COMPLETED,1028.73
CARD_PAYMENT,Current,2024-11-29 15:23:43,2024-11-30 18:22:11,Yuppi Ood,-14.67,0.00,BGN,COMPLETED,1014.06
CARD_PAYMENT,Current,2024-11-30 15:42:06,2024-12-01 16:25:48,AI Dungeon,-55.63,1.12,BGN,COMPLETED,957.31
CARD_PAYMENT,Current,2024-12-01 13:39:08,2024-12-02 05:47:21,Apple,-17.99,0.00,BGN,COMPLETED,939.32
CARD_PAYMENT,Current,2024-12-02 16:54:13,2024-12-03 19:13:46,Max Mark,-29.43,0.00,BGN,COMPLETED,909.89
CARD_PAYMENT,Current,2024-12-03 16:32:13,2024-12-04 18:29:56,Max Mark,-75.78,0.00,BGN,COMPLETED,834.11
CARD_PAYMENT,Current,2024-12-04 16:46:28,2024-12-05 18:26:03,Yuppi Ood,-35.46,0.00,BGN,COMPLETED,798.65
TOPUP,Current,2024-12-06 11:44:17,2024-12-06 11:44:27,Top-Up by *8847,3000.00,0.00,BGN,COMPLETED,3798.65
CARD_PAYMENT,Current,2024-12-05 17:30:40,2024-12-06 18:35:30,Yuppi Ood,-21.21,0.00,BGN,COMPLETED,3777.44
CARD_PAYMENT,Current,2024-12-05 17:19:59,2024-12-06 18:35:32,Yuppi Ood,-37.00,0.00,BGN,COMPLETED,3740.44
CARD_PAYMENT,Current,2024-12-06 16:19:55,2024-12-07 18:31:46,Yuppi Ood,-101.93,0.00,BGN,COMPLETED,3638.51
CARD_PAYMENT,Current,2024-12-05 19:48:21,2024-12-07 18:37:23,Amazon,-104.09,1.04,BGN,COMPLETED,3533.38
CARD_PAYMENT,Current,2024-12-08 13:50:55,2024-12-09 17:35:50,Yuppi Ood,-34.59,0.00,BGN,COMPLETED,3498.79
CARD_PAYMENT,Current,2024-12-07 10:40:54,2024-12-10 05:52:39,LUKOIL,-71.30,0.00,BGN,COMPLETED,3427.49
CARD_PAYMENT,Current,2024-12-09 19:06:41,2024-12-10 18:35:50,Yuppi Ood,-11.60,0.00,BGN,COMPLETED,3415.89
CARD_PAYMENT,Current,2024-12-10 16:32:57,2024-12-11 18:50:19,Yuppi Ood,-40.89,0.00,BGN,COMPLETED,3375.00
CARD_PAYMENT,Current,2024-12-11 16:54:45,2024-12-12 18:55:11,Yuppi Ood,-26.80,0.00,BGN,COMPLETED,3348.20
CARD_PAYMENT,Current,2024-12-11 16:55:59,2024-12-12 18:55:11,Yuppi Ood,-37.00,0.00,BGN,COMPLETED,3311.20
CARD_PAYMENT,Current,2024-12-11 13:32:29,2024-12-12 18:55:50,Speedy,-37.98,0.00,BGN,COMPLETED,3273.22
CARD_PAYMENT,Current,2024-12-12 09:17:30,2024-12-12 19:13:52,AI Dungeon,-37.27,0.37,BGN,COMPLETED,3235.58
CARD_PAYMENT,Current,2024-12-12 15:25:50,2024-12-13 16:41:21,Max Mark Ood,-4.39,0.00,BGN,COMPLETED,3231.19
CARD_PAYMENT,Current,2024-12-12 15:52:45,2024-12-13 16:41:32,Yuppi Ood,-49.15,0.00,BGN,COMPLETED,3182.04
CARD_PAYMENT,Current,2024-12-13 15:39:41,2024-12-14 17:51:20,Apteka Salviya,-37.45,0.00,BGN,COMPLETED,3144.59
CARD_PAYMENT,Current,2024-12-13 15:49:16,2024-12-14 19:49:19,Yuppi Ood,-64.14,0.00,BGN,COMPLETED,3080.45
CARD_PAYMENT,Current,2024-12-13 15:35:51,2024-12-14 19:49:27,Yuppi Ood,-37.00,0.00,BGN,COMPLETED,3043.45
CARD_PAYMENT,Current,2024-12-13 14:06:07,2024-12-14 19:49:35,Yuppi Ood,-19.53,0.00,BGN,COMPLETED,3023.92
CARD_PAYMENT,Current,2024-12-14 15:07:41,2024-12-16 15:28:56,Veles Food,-11.47,0.00,BGN,COMPLETED,3012.45
CARD_PAYMENT,Current,2024-12-14 15:33:11,2024-12-16 15:28:57,Deyzi 6718 Ood,-11.80,0.00,BGN,COMPLETED,3000.65
CARD_PAYMENT,Current,2024-12-16 15:42:49,2024-12-17 18:53:13,Yuppi Ood,-33.49,0.00,BGN,COMPLETED,2967.16
CARD_PAYMENT,Current,2024-12-16 17:27:39,2024-12-17 19:08:49,Chal-Tec GmbH,-717.50,0.00,BGN,COMPLETED,2249.66
CARD_PAYMENT,Current,2024-12-17 05:29:12,2024-12-18 04:52:24,Microsoft,-18.00,0.00,BGN,COMPLETED,2231.66
CARD_PAYMENT,Current,2024-12-17 16:15:36,2024-12-18 18:15:15,Yuppi Ood,-26.06,0.00,BGN,COMPLETED,2205.60
CARD_PAYMENT,Current,2024-12-18 16:39:34,2024-12-19 19:16:37,Yuppi Ood,-40.93,0.00,BGN,COMPLETED,2164.67
CARD_PAYMENT,Current,2024-12-20 12:13:05,2024-12-20 19:10:11,Spotify,-16.49,0.00,BGN,COMPLETED,2148.18
CARD_PAYMENT,Current,2024-12-20 10:24:46,2024-12-20 19:15:30,YouTube,-24.99,0.00,BGN,COMPLETED,2123.19
CARD_PAYMENT,Current,2024-12-20 19:53:32,2024-12-21 05:43:32,Apple,-6.49,0.00,BGN,COMPLETED,2116.70
CARD_PAYMENT,Current,2024-12-20 11:13:51,2024-12-21 05:43:33,Apple,-20.99,0.00,BGN,COMPLETED,2095.71
CARD_PAYMENT,Current,2024-12-20 19:52:27,2024-12-21 05:43:35,Apple,-6.49,0.00,BGN,COMPLETED,2089.22
CARD_PAYMENT,Current,2024-12-21 07:36:14,2024-12-21 17:19:04,OpenAI,-45.17,0.45,BGN,COMPLETED,2043.60
CARD_PAYMENT,Current,2024-12-20 15:24:43,2024-12-21 18:47:25,Yuppi Ood,-74.89,0.00,BGN,COMPLETED,1968.71
CARD_PAYMENT,Current,2024-12-20 16:16:24,2024-12-21 18:47:27,Yuppi Ood,-37.00,0.00,BGN,COMPLETED,1931.71
CARD_PAYMENT,Current,2024-12-20 16:24:47,2024-12-21 18:48:38,LUKOIL,-99.50,0.00,BGN,COMPLETED,1832.21
CARD_PAYMENT,Current,2024-12-22 12:18:59,2024-12-22 18:11:47,Oculus,-19.59,0.20,BGN,COMPLETED,1812.42
CARD_PAYMENT,Current,2024-12-23 11:30:32,2024-12-23 18:33:07,Sky,-5.87,0.00,BGN,COMPLETED,1806.55
CARD_PAYMENT,Current,2024-12-23 20:50:39,2024-12-24 06:10:52,PlayStation,-144.00,0.00,BGN,COMPLETED,1662.55
CARD_PAYMENT,Current,2024-12-23 17:55:00,2024-12-24 19:59:53,Adobe,-23.54,0.00,BGN,COMPLETED,1639.01
CARD_PAYMENT,Current,2024-12-23 15:23:57,2024-12-25 04:41:13,Yuppi Ood,-115.09,0.00,BGN,COMPLETED,1523.92
CARD_PAYMENT,Current,2024-12-24 18:03:47,2024-12-25 04:59:40,Anthropic,-42.41,0.00,BGN,COMPLETED,1481.51
CARD_PAYMENT,Current,2024-12-25 15:02:34,2024-12-27 08:10:17,Microsoft,-18.00,0.00,BGN,COMPLETED,1463.51
CARD_PAYMENT,Current,2024-12-24 14:15:44,2024-12-27 18:12:02,Yuppi Ood,-37.00,0.00,BGN,COMPLETED,1426.51
CARD_PAYMENT,Current,2024-12-24 14:52:40,2024-12-27 18:12:08,Yuppi Ood,-22.08,0.00,BGN,COMPLETED,1404.43
CARD_PAYMENT,Current,2024-12-26 15:43:31,2024-12-27 18:12:08,Yuppi Ood,-54.59,0.00,BGN,COMPLETED,1349.84
CARD_PAYMENT,Current,2024-12-28 02:18:44,2024-12-28 12:11:39,Apple,-14.99,0.00,BGN,COMPLETED,1334.85
CARD_PAYMENT,Current,2024-12-27 14:34:59,2024-12-28 17:22:38,Yuppi Ood,-37.00,0.00,BGN,COMPLETED,1297.85
CARD_PAYMENT,Current,2024-12-27 16:38:00,2024-12-28 17:22:42,Yuppi Ood,-60.52,0.00,BGN,COMPLETED,1237.33
CARD_PAYMENT,Current,2024-12-29 12:39:43,2024-12-30 17:10:32,Yuppi Ood,-50.91,0.00,BGN,COMPLETED,1186.42
CARD_PAYMENT,Current,2024-12-30 15:50:03,2024-12-31 16:29:08,Yuppi Ood,-196.25,0.00,BGN,COMPLETED,990.17
CARD_PAYMENT,Current,2024-12-31 14:48:16,2025-01-01 11:17:58,Apteka Salviya,-8.15,0.00,BGN,COMPLETED,982.02
CARD_PAYMENT,Current,2024-12-31 15:43:07,2025-01-01 11:39:22,AI Dungeon,-56.64,0.00,BGN,COMPLETED,925.38
CARD_PAYMENT,Current,2025-01-01 13:38:19,2025-01-02 04:40:55,Apple,-17.99,0.00,BGN,COMPLETED,907.39
CARD_PAYMENT,Current,2024-12-31 15:19:51,2025-01-02 04:43:52,Yuppi Ood,-201.20,0.00,BGN,COMPLETED,706.19
CARD_PAYMENT,Current,2024-12-24 18:03:34,2025-01-02 13:21:07,Food store,-78.03,0.00,BGN,COMPLETED,628.16
CARD_PAYMENT,Current,2024-12-24 18:03:34,2025-01-02 13:21:11,Food store,-5.18,0.00,BGN,COMPLETED,622.98
CARD_PAYMENT,Current,2025-01-02 16:08:02,2025-01-03 16:14:58,Yuppi Ood,-37.00,0.00,BGN,COMPLETED,585.98
TOPUP,Current,2025-01-03 16:39:07,2025-01-03 16:39:18,Top-Up by *8847,3000.00,0.00,BGN,COMPLETED,3585.98
CARD_PAYMENT,Current,2025-01-03 16:19:31,2025-01-04 17:31:18,Yuppi Ood,-60.80,0.00,BGN,COMPLETED,3525.18
CARD_PAYMENT,Current,2025-01-07 05:48:48,2025-01-07 14:14:02,MacPaw,-58.80,0.00,BGN,COMPLETED,3466.38
CARD_PAYMENT,Current,2025-01-06 11:21:50,2025-01-07 17:18:36,Vivacom,-22.91,0.00,BGN,COMPLETED,3443.47
CARD_PAYMENT,Current,2025-01-06 15:00:37,2025-01-07 17:18:40,Max Mark Ood,-2.90,0.00,BGN,COMPLETED,3440.57
CARD_PAYMENT,Current,2025-01-06 15:13:44,2025-01-07 17:18:51,Yuppi Ood,-59.98,0.00,BGN,COMPLETED,3380.59
CARD_PAYMENT,Current,2025-01-07 12:07:45,2025-01-08 04:35:43,Apple,-19.99,0.00,BGN,COMPLETED,3360.60
CARD_PAYMENT,Current,2025-01-07 11:55:20,2025-01-08 07:59:41,eMAG,-234.98,0.00,BGN,COMPLETED,3125.62
CARD_PAYMENT,Current,2025-01-07 16:13:19,2025-01-08 17:32:50,Yuppi Ood,-60.75,0.00,BGN,COMPLETED,3064.87
CARD_PAYMENT,Current,2025-01-08 17:22:52,2025-01-09 16:36:13,Yuppi Ood,-37.00,0.00,BGN,COMPLETED,3027.87
CARD_PAYMENT,Current,2025-01-08 17:29:12,2025-01-09 16:36:19,Yuppi Ood,-19.90,0.00,BGN,COMPLETED,3007.97
CARD_PAYMENT,Current,2025-01-09 21:36:41,2025-01-10 15:55:40,Apple,-10.99,0.00,BGN,COMPLETED,2996.98
CARD_PAYMENT,Current,2025-01-09 16:25:54,2025-01-10 19:48:53,Yuppi Ood,-41.45,0.00,BGN,COMPLETED,2955.53
CARD_PAYMENT,Current,2025-01-10 16:29:48,2025-01-11 18:04:08,Yuppi Ood,-46.40,0.00,BGN,COMPLETED,2909.13
CARD_PAYMENT,Current,2025-01-10 15:20:57,2025-01-12 05:38:54,Google,-39.99,0.00,BGN,COMPLETED,2869.14
CARD_PAYMENT,Current,2025-01-13 13:39:03,2025-01-14 14:01:18,Apteka Salviya,-12.20,0.00,BGN,COMPLETED,2856.94
CARD_PAYMENT,Current,2025-01-14 00:22:04,2025-01-14 15:51:02,Buyap,-24.32,0.00,BGN,COMPLETED,2832.62
CARD_PAYMENT,Current,2025-01-13 13:39:48,2025-01-14 16:24:57,Yuppi Ood,-37.00,0.00,BGN,COMPLETED,2795.62
CARD_PAYMENT,Current,2025-01-13 16:05:53,2025-01-14 16:24:59,Yuppi Ood,-42.44,0.00,BGN,COMPLETED,2753.18
CARD_PAYMENT,Current,2025-01-14 16:41:23,2025-01-15 16:33:33,Max Mark Ood,-20.61,0.00,BGN,COMPLETED,2732.57
CARD_PAYMENT,Current,2025-01-14 16:52:40,2025-01-15 16:33:37,Yuppi Ood,-35.42,0.00,BGN,COMPLETED,2697.15
CARD_PAYMENT,Current,2025-01-16 16:23:26,2025-01-17 18:29:32,Yuppi Ood,-24.22,0.00,BGN,COMPLETED,2672.93
CARD_PAYMENT,Current,2025-01-17 06:12:38,2025-01-18 08:16:48,Microsoft,-18.00,0.00,BGN,COMPLETED,2654.93
CARD_PAYMENT,Current,2025-01-17 16:23:22,2025-01-18 18:31:49,Yuppi Ood,-67.61,0.00,BGN,COMPLETED,2587.32
CARD_PAYMENT,Current,2025-01-18 08:40:36,2025-01-19 15:54:47,Buyap,-33.95,0.34,BGN,COMPLETED,2553.03
CARD_PAYMENT,Current,2025-01-19 13:57:12,2025-01-20 17:23:44,Yuppi Ood,-37.00,0.00,BGN,COMPLETED,2516.03
CARD_PAYMENT,Current,2025-01-19 14:06:43,2025-01-20 17:23:49,Yuppi Ood,-44.28,0.00,BGN,COMPLETED,2471.75
CARD_PAYMENT,Current,2025-01-20 12:13:05,2025-01-20 17:43:05,Spotify,-16.49,0.00,BGN,COMPLETED,2455.26
CARD_PAYMENT,Current,2025-01-20 10:24:46,2025-01-20 17:46:49,YouTube,-24.99,0.00,BGN,COMPLETED,2430.27
CARD_PAYMENT,Current,2025-01-20 11:14:22,2025-01-21 04:41:20,Apple,-20.99,0.00,BGN,COMPLETED,2409.28
CARD_PAYMENT,Current,2025-01-21 07:36:35,2025-01-21 17:06:52,OpenAI,-45.38,0.00,BGN,COMPLETED,2363.90
CARD_PAYMENT,Current,2025-01-21 16:22:36,2025-01-22 17:17:06,Yuppi Ood,-17.68,0.00,BGN,COMPLETED,2346.22
CARD_PAYMENT,Current,2025-01-22 11:42:58,2025-01-23 16:26:35,global-e.nl,-365.00,0.00,BGN,COMPLETED,1981.22
CARD_PAYMENT,Current,2025-01-22 16:53:10,2025-01-23 20:51:48,Yuppi Ood,-23.16,0.00,BGN,COMPLETED,1958.06
CARD_PAYMENT,Current,2025-01-23 11:30:36,2025-01-23 21:31:32,Sky,-5.87,0.00,BGN,COMPLETED,1952.19
CARD_PAYMENT,Current,2025-01-23 19:18:59,2025-01-24 17:13:42,Adobe,-23.54,0.00,BGN,COMPLETED,1928.65
CARD_PAYMENT,Current,2025-01-23 16:48:38,2025-01-24 17:14:40,Yuppi Ood,-33.18,0.00,BGN,COMPLETED,1895.47
CARD_PAYMENT,Current,2025-01-24 18:03:57,2025-01-25 05:52:13,Anthropic,-42.41,0.00,BGN,COMPLETED,1853.06
CARD_PAYMENT,Current,2025-01-24 17:03:06,2025-01-25 16:46:09,Yuppi Ood,-27.37,0.00,BGN,COMPLETED,1825.69
CARD_PAYMENT,Current,2025-01-24 15:28:21,2025-01-25 16:46:20,Yuppi Ood,-37.00,0.00,BGN,COMPLETED,1788.69
CARD_PAYMENT,Current,2025-01-25 10:24:12,2025-01-25 17:12:06,Google,-59.99,0.00,BGN,COMPLETED,1728.70
CARD_PAYMENT,Current,2025-01-25 17:23:12,2025-01-26 05:41:42,Apple,-1.99,0.00,BGN,COMPLETED,1726.71
CARD_PAYMENT,Current,2025-01-25 17:22:38,2025-01-26 05:41:44,Apple,-10.99,0.00,BGN,COMPLETED,1715.72
CARD_PAYMENT,Current,2025-01-25 08:48:04,2025-01-26 08:23:01,Microsoft,-18.00,0.00,BGN,COMPLETED,1697.72
CARD_PAYMENT,Current,2025-01-25 13:37:37,2025-01-27 17:38:12,LUKOIL,-118.95,0.00,BGN,COMPLETED,1578.77
CARD_PAYMENT,Current,2025-01-28 02:18:16,2025-01-28 14:16:59,Apple,-14.99,0.00,BGN,COMPLETED,1563.78
CARD_PAYMENT,Current,2025-01-27 16:39:42,2025-01-28 18:44:31,Yuppi Ood,-31.82,0.00,BGN,COMPLETED,1531.96
CARD_PAYMENT,Current,2025-01-25 13:31:05,2025-01-28 18:50:08,Yuppi Ood,-35.82,0.00,BGN,COMPLETED,1496.14
CARD_PAYMENT,Current,2025-01-28 15:49:38,2025-01-29 16:30:05,Yuppi Ood,-22.83,0.00,BGN,COMPLETED,1473.31
CARD_PAYMENT,Current,2025-01-28 09:28:40,2025-01-29 16:30:51,A1.bg,-87.00,0.00,BGN,COMPLETED,1386.31
CARD_PAYMENT,Current,2025-01-29 14:17:48,2025-01-30 16:34:03,Vizus Eood,-534.00,0.00,BGN,COMPLETED,852.31
CARD_PAYMENT,Current,2025-01-29 15:51:33,2025-01-30 16:34:04,Yuppi Ood,-37.00,0.00,BGN,COMPLETED,815.31
CARD_PAYMENT,Current,2025-01-30 18:15:34,2025-01-31 04:38:30,PlayStation,-144.00,0.00,BGN,COMPLETED,671.31
CARD_PAYMENT,Current,2025-01-31 15:42:49,2025-02-01 07:42:50,AI Dungeon,-56.71,0.00,BGN,COMPLETED,614.60
CARD_PAYMENT,Current,2025-01-31 16:43:06,2025-02-01 19:16:22,Yuppi Ood,-185.00,0.00,BGN,COMPLETED,429.60
CARD_PAYMENT,Current,2025-02-01 13:36:51,2025-02-02 04:53:43,Apple,-17.99,0.00,BGN,COMPLETED,411.61
CARD_PAYMENT,Current,2025-02-02 14:08:25,2025-02-03 17:52:59,Yuppi Ood,-45.50,0.00,BGN,COMPLETED,366.11
CARD_PAYMENT,Current,2025-01-31 13:40:00,2025-02-03 18:12:11,Amazon,-53.46,0.00,BGN,COMPLETED,312.65
CARD_PAYMENT,Current,2025-02-03 15:57:14,2025-02-04 17:25:44,Yuppi Ood,-19.95,0.00,BGN,COMPLETED,292.70
CARD_PAYMENT,Current,2025-02-03 14:23:28,2025-02-04 17:25:47,Yuppi Ood,-38.85,0.00,BGN,COMPLETED,253.85
TOPUP,Current,2025-02-05 09:09:14,2025-02-05 09:09:23,Top-Up by *8847,3000.00,0.00,BGN,COMPLETED,3253.85
CARD_PAYMENT,Current,2025-02-04 16:02:08,2025-02-05 18:26:35,Yuppi Ood,-4.99,0.00,BGN,COMPLETED,3248.86
CARD_PAYMENT,Current,2025-02-05 09:08:44,2025-02-06 18:15:00,Vivacom,-22.91,0.00,BGN,COMPLETED,3225.95
CARD_PAYMENT,Current,2025-02-05 16:32:45,2025-02-06 18:15:21,Yuppi Ood,-25.48,0.00,BGN,COMPLETED,3200.47
CARD_PAYMENT,Current,2025-02-06 15:00:38,2025-02-07 15:11:40,Apteka Salviya,-29.60,0.00,BGN,COMPLETED,3170.87
CARD_PAYMENT,Current,2025-02-06 17:38:04,2025-02-07 17:44:58,Yuppi Ood,-14.75,0.00,BGN,COMPLETED,3156.12
CARD_PAYMENT,Current,2025-02-07 13:08:36,2025-02-09 05:06:56,Econt,-41.35,0.00,BGN,COMPLETED,3114.77
CARD_PAYMENT,Current,2025-02-07 16:41:02,2025-02-09 05:07:05,Yuppi Ood,-64.76,0.00,BGN,COMPLETED,3050.01
CARD_PAYMENT,Current,2025-02-08 13:29:51,2025-02-10 17:04:52,Yuppi Ood,-54.33,0.00,BGN,COMPLETED,2995.68
CARD_PAYMENT,Current,2025-02-10 17:32:06,2025-02-11 17:54:55,Yuppi Ood,-37.00,0.00,BGN,COMPLETED,2958.68
CARD_PAYMENT,Current,2025-02-11 16:42:54,2025-02-12 17:38:59,Yuppi Ood,-34.05,0.00,BGN,COMPLETED,2924.63
CARD_PAYMENT,Current,2025-02-13 14:47:54,2025-02-14 17:51:11,Yuppi Ood,-1.85,0.00,BGN,COMPLETED,2922.78
CARD_PAYMENT,Current,2025-02-13 16:13:44,2025-02-14 17:51:16,Yuppi Ood,-40.28,0.00,BGN,COMPLETED,2882.50
CARD_PAYMENT,Current,2025-02-13 15:14:23,2025-02-14 17:51:28,Yuppi Ood,-4.90,0.00,BGN,COMPLETED,2877.60
CARD_PAYMENT,Current,2025-02-14 16:46:31,2025-02-16 07:20:38,Yuppi Ood,-37.00,0.00,BGN,COMPLETED,2840.60
CARD_PAYMENT,Current,2025-02-14 16:59:43,2025-02-16 07:20:42,Yuppi Ood,-50.30,0.00,BGN,COMPLETED,2790.30
CARD_PAYMENT,Current,2025-02-17 03:19:00,2025-02-18 07:23:18,Microsoft,-18.00,0.00,BGN,COMPLETED,2772.30
CARD_PAYMENT,Current,2025-02-18 09:42:03,2025-02-18 17:09:21,Buyap,-33.34,0.00,BGN,COMPLETED,2738.96
CARD_PAYMENT,Current,2025-02-17 16:41:36,2025-02-18 17:33:46,Yuppi Ood,-22.80,0.00,BGN,COMPLETED,2716.16
CARD_PAYMENT,Current,2025-02-18 16:09:51,2025-02-19 16:10:15,Yuppi Ood,-8.88,0.00,BGN,COMPLETED,2707.28
CARD_PAYMENT,Current,2025-02-19 16:18:24,2025-02-20 17:32:02,Yuppi Ood,-33.02,0.00,BGN,COMPLETED,2674.26
CARD_PAYMENT,Current,2025-02-20 12:13:04,2025-02-20 17:34:27,Spotify,-16.49,0.00,BGN,COMPLETED,2657.77
CARD_PAYMENT,Current,2025-02-20 10:24:46,2025-02-20 17:36:16,YouTube,-24.99,0.00,BGN,COMPLETED,2632.78
CARD_PAYMENT,Current,2025-02-20 11:14:09,2025-02-21 04:44:22,Apple,-20.99,0.00,BGN,COMPLETED,2611.79
CARD_PAYMENT,Current,2025-02-20 16:37:06,2025-02-21 17:16:02,Yuppi Ood,-14.85,0.00,BGN,COMPLETED,2596.94
CARD_PAYMENT,Current,2025-02-21 07:36:25,2025-02-21 17:23:31,OpenAI,-44.89,0.00,BGN,COMPLETED,2552.05
CARD_PAYMENT,Current,2025-02-21 16:50:26,2025-02-22 18:01:20,Yuppi Ood,-42.98,0.00,BGN,COMPLETED,2509.07
CARD_PAYMENT,Current,2025-02-21 16:37:57,2025-02-22 18:01:27,Yuppi Ood,-37.00,0.00,BGN,COMPLETED,2472.07
CARD_PAYMENT,Current,2025-02-23 11:30:34,2025-02-23 17:37:34,Sky,-5.87,0.06,BGN,COMPLETED,2466.14
CARD_PAYMENT,Current,2025-02-23 19:55:56,2025-02-24 15:52:10,Adobe,-23.52,0.24,BGN,COMPLETED,2442.38
CARD_PAYMENT,Current,2025-02-24 18:04:20,2025-02-25 05:14:57,Anthropic,-42.41,0.00,BGN,COMPLETED,2399.97
CARD_PAYMENT,Current,2025-02-24 15:52:26,2025-02-25 17:17:23,Juppi,-15.86,0.00,BGN,COMPLETED,2384.11
CARD_PAYMENT,Current,2025-02-25 12:59:26,2025-02-26 07:49:34,Microsoft,-18.00,0.00,BGN,COMPLETED,2366.11
CARD_PAYMENT,Current,2025-02-25 15:51:08,2025-02-26 15:34:13,Yuppi Ood,-31.61,0.00,BGN,COMPLETED,2334.50
CARD_PAYMENT,Current,2025-02-25 14:05:36,2025-02-26 15:34:15,Yuppi Ood,-6.70,0.00,BGN,COMPLETED,2327.80
CARD_PAYMENT,Current,2025-02-27 09:30:49,2025-02-27 15:16:50,Anthropic,-362.15,0.00,BGN,COMPLETED,1965.65
CARD_PAYMENT,Current,2025-02-26 15:25:25,2025-02-27 17:22:49,Yuppi Ood,-16.62,0.00,BGN,COMPLETED,1949.03
CARD_PAYMENT,Current,2025-02-28 02:20:10,2025-02-28 11:28:14,Apple,-14.99,0.00,BGN,COMPLETED,1934.04
CARD_PAYMENT,Current,2025-02-27 15:32:30,2025-02-28 18:11:42,Yuppi Ood,-37.49,0.00,BGN,COMPLETED,1896.55
CARD_PAYMENT,Current,2025-02-28 20:59:22,2025-03-01 14:45:20,Fortnite,-59.79,0.00,BGN,COMPLETED,1836.76
CARD_PAYMENT,Current,2025-02-28 15:42:56,2025-03-01 16:48:20,AI Dungeon,-56.57,0.00,BGN,COMPLETED,1780.19
CARD_PAYMENT,Current,2025-02-28 15:52:37,2025-03-02 03:37:05,Yuppi Ood,-27.68,0.00,BGN,COMPLETED,1752.51
CARD_PAYMENT,Current,2025-03-01 13:38:53,2025-03-02 13:23:54,Apple,-17.99,0.00,BGN,COMPLETED,1734.52
CARD_PAYMENT,Current,2025-03-04 10:43:20,2025-03-04 18:43:19,OpenAI,-22.41,0.00,BGN,COMPLETED,1712.11
CARD_PAYMENT,Current,2025-03-04 16:00:43,2025-03-05 17:45:57,Yuppi Ood,-14.50,0.00,BGN,COMPLETED,1697.61
CARD_PAYMENT,Current,2025-03-04 16:14:30,2025-03-05 17:45:59,Yuppi Ood,-13.63,0.00,BGN,COMPLETED,1683.98
CARD_PAYMENT,Current,2025-03-06 10:19:19,2025-03-07 18:08:55,Vivacom,-23.75,0.00,BGN,COMPLETED,1660.23
CARD_PAYMENT,Current,2025-03-06 14:54:10,2025-03-07 18:09:39,Juppi,-2.15,0.00,BGN,COMPLETED,1658.08
CARD_PAYMENT,Current,2025-03-07 16:28:15,2025-03-08 18:30:36,Yuppi Ood,-15.00,0.00,BGN,COMPLETED,1643.08
CARD_PAYMENT,Current,2025-03-07 16:25:37,2025-03-08 18:30:37,Yuppi Ood,-16.94,0.00,BGN,COMPLETED,1626.14
CARD_PAYMENT,Current,2025-03-08 13:47:48,2025-03-10 17:52:42,Max Mark Ood,-109.00,0.00,BGN,COMPLETED,1517.14
CARD_PAYMENT,Current,2025-03-08 13:51:59,2025-03-10 17:53:07,Yuppi Ood,-11.47,0.00,BGN,COMPLETED,1505.67
CARD_PAYMENT,Current,2025-03-10 15:53:00,2025-03-11 17:25:28,Yuppi Ood,-34.73,0.00,BGN,COMPLETED,1470.94
CARD_PAYMENT,Current,2025-03-10 16:03:07,2025-03-11 17:26:09,LUKOIL,-124.55,0.00,BGN,COMPLETED,1346.39
CARD_PAYMENT,Current,2025-03-11 16:26:20,2025-03-12 16:19:32,Yuppi Ood,-14.88,0.00,BGN,COMPLETED,1331.51
CARD_PAYMENT,Current,2025-03-12 16:15:52,2025-03-13 18:24:16,Yuppi Ood,-37.71,0.00,BGN,COMPLETED,1293.80
CARD_PAYMENT,Current,2025-03-14 15:34:38,2025-03-15 19:16:35,Yuppi Ood,-7.50,0.00,BGN,COMPLETED,1286.30
CARD_PAYMENT,Current,2025-03-14 14:52:14,2025-03-15 19:16:35,Yuppi Ood,-7.50,0.00,BGN,COMPLETED,1278.80
CARD_PAYMENT,Current,2025-03-14 15:34:10,2025-03-15 19:16:35,Yuppi Ood,-42.89,0.00,BGN,COMPLETED,1235.91
CARD_PAYMENT,Current,2025-03-14 16:19:27,2025-03-15 19:16:42,Yuppi Ood,-29.07,0.00,BGN,COMPLETED,1206.84
